3090 5302
583 435 782 497 APPENDIX
805 437 932 497 PRIOR.
1232 434 1291 499 145

226 609 495 630 ........
521 557 690 649 Numquid
703 558 825 649 aliquid
841 560 923 625 mibi
939 557 1101 628 derebus.
1131 607 1137 621 .
1167 605 1175 622 .
1206 608 1213 622 .
1243 606 1250 622 .
1280 607 1287 621 .

223 693 377 772 potestate
393 674 540 743 suadere
553 673 700 756 deberet,
715 675 806 765 quod
819 672 912 742 valde
923 673 985 741 sibi
1001 673 1131 764 gravari
1146 670 1290 754 deberet,

222 797 300 888 quia
323 810 418 861 antea
422 842 877 860 .............
904 792 981 882 quia
998 813 1082 881 ego,
1106 788 1239 880 quando
1257 789 1291 854 in

222 910 364 979 vinculis
376 909 559 991 tenebatur,
577 908 718 998 aliquam
734 932 771 974 su
777 959 969 974 ......
997 931 1072 973 cum
1091 921 1292 973 sacramento

222 1028 433 1096 vehementer
452 1023 665 1107 adfirmabat,
692 1025 781 1115 quod
805 1027 882 1117 ipse.
909 1075 917 1092 .
948 1077 954 1090 .
987 1076 993 1090 .
1030 1077 1036 1090 .
1064 1024 1126 1091 nisi
1155 1022 1294 1090 firmiter

221 1160 321 1236 atque
335 1142 558 1210 sincerissimae
575 1142 609 1207 in
623 1139 776 1208 omnibus
788 1141 866 1208 fidei
871 1192 1064 1209 ......
1090 1142 1163 1209 etsi
1177 1140 1296 1209 exinde

223 1257 351 1350 aliquid
370 1257 410 1325 de
430 1256 523 1324 robis
539 1255 634 1323 aliter
656 1255 798 1324 audisset
813 1273 868 1323 aut
873 1308 1292 1325 ............

222 1376 332 1445 Simili
344 1374 445 1443 modo
468 1374 618 1465 promisit
636 1397 668 1440 se
692 1374 719 1440 si
737 1375 912 1466 potuisset,
928 1376 1072 1443 Domino
1086 1389 1295 1465 cooperante,

226 1541 462 1559 .......
489 1488 695 1556 considerare
711 1489 825 1570 vellet,
842 1504 879 1556 ut
893 1489 933 1556 de
950 1491 1040 1557 omni
1059 1491 1175 1557 itinere
1192 1492 1298 1557 securi

220 1606 304 1675 fuiss
310 1655 617 1674 .........
649 1605 930 1695 recuperationem
958 1630 997 1672 ex
1025 1605 1227 1672 debitoribus
1248 1607 1299 1694 (1)

222 1725 307 1793 locis
329 1737 518 1790 sanctorum
541 1735 797 1811 caeterorumque
802 1772 994 1788 ......
1028 1736 1216 1815 paupertate
1247 1721 1299 1789 vel

224 1838 510 1919 incommoditate,
525 1860 665 1903 necnon
688 1852 720 1903 et
741 1835 813 1903 loca
831 1851 1018 1906 sanctorum
1034 1837 1052 1903 i
1054 1889 1246 1905 ......
1268 1855 1300 1905 et

224 1957 310 2025 dixit
325 1954 416 2047 quod
429 1969 609 2022 restaurare
621 1955 669 2041 (a)
681 1951 734 2019 rel
745 1953 918 2021 emendare
935 1979 1104 2046 nunquam
1117 1980 1170 2022 eas
1182 1956 1259 2024 rali.
1272 2008 1278 2022 .
1291 2007 1298 2022 .

229 2126 236 2139 .
268 2125 274 2138 .
306 2123 313 2139 .
344 2123 351 2138 .
378 2123 386 2138 .
409 2072 471 2138 nisi
483 2071 545 2136 Dei
561 2085 593 2136 et
604 2069 741 2136 senioris
756 2069 808 2136 vel
820 2069 997 2138 multorum
1013 2071 1177 2142 bonorum
1194 2074 1302 2141 homi-

225 2210 306 2252 num
333 2183 437 2252 adsui.
463 2279 465 2284 Ι
468 2235 625 2250 .....
651 2208 748 2276 super
776 2184 855 2252 boc.
885 2237 892 2252 .
928 2237 934 2251 .
970 2239 976 2252 .
1007 2239 1014 2253 .
1044 2237 1051 2254 .
1089 2239 1096 2254 .
1122 2189 1214 2280 petiit
1240 2189 1302 2256 sibi

223 2303 333 2369 Deum
359 2301 615 2392 omnipotentem
641 2301 686 2367 ita
711 2299 867 2391 adjuvare
889 2303 940 2393 (3)
964 2319 1001 2371 ut
1026 2304 1117 2372 vobis
1140 2330 1180 2373 ex
1204 2304 1303 2373 corde

229 2470 235 2483 .
266 2470 273 2484 .
379 2468 388 2484 .
418 2468 425 2482 .
456 2467 487 2498 .,
506 2417 589 2503 totis
606 2414 752 2498 viribus,
779 2416 899 2508 absque
925 2416 1002 2485 dolo
1024 2435 1056 2486 et
1073 2420 1299 2503 simulatione,

225 2535 269 2600 ita
290 2532 396 2599 fidelis
417 2533 540 2600 amicus
558 2545 640 2598 esset
657 2533 741 2598 sicut
745 2582 1054 2600 .........
1080 2539 1227 2627 potentia
1244 2562 1301 2605 sua

226 2651 259 2716 in
277 2649 432 2716 omnibus
453 2647 655 2740 suppetisset.
682 2646 733 2712 De
755 2645 913 2713 thesauris
936 2647 1161 2716 ecclesiasticis
1184 2654 1302 2718 nostris

228 2790 286 2831 cur
289 2814 525 2833 .......
552 2762 747 2852 inquireret,
765 2785 832 2828 non
850 2761 1050 2853 interrogari
1066 2763 1144 2854 quia
1161 2764 1204 2832 ad
1223 2790 1301 2832 cur-

229 2895 292 2946 tem
307 2880 365 2946 ivit
376 2894 408 2946 et
422 2878 551 2944 Adbam
562 2875 861 2965 matricolariusff)
874 2877 922 2965 (4)
936 2875 978 2944 ad
987 2879 1165 2947 Martianas
1177 2881 1226 2971 (5)
1235 2906 1301 2949 non

230 2997 336 3080 venit3
351 3020 411 3063 cur
423 2997 468 3062 ita
484 2991 670 3075 suisset,lll.
685 2991 777 3060 vobis
789 2994 853 3060 hoc
867 3018 1028 3085 exponere
1041 3010 1158 3088 potest.
1176 2998 1300 3067 Omnes

230 3113 341 3180 breves
357 3113 513 3203 epicopus
529 3110 569 3176 de
585 3110 746 3176 missatica
761 3132 818 3176 sua
835 3110 889 3176 bic
905 3109 1043 3195 dimisit,
1062 3128 1094 3180 et
1109 3113 1191 3181 dixit
1210 3117 1301 3206 quod

233 3229 319 3296 nulla
341 3227 424 3295 ratio
453 3250 492 3293 ex
518 3250 556 3292 ea
580 3227 650 3317 regi
672 3224 812 3293 indicari
839 3225 1019 3310 noluisset,
1044 3244 1217 3321 antequam
1241 3255 1301 3323 per

234 3347 340 3412 omnia
356 3342 532 3435 adimpleta
547 3356 681 3409 teneret.
696 3341 749 3410 Ill.
765 3366 897 3433 quoque
912 3343 1008 3410 obsec
1013 3394 1239 3414 .......
1258 3348 1300 3415 ad

234 3465 444 3529 Camaracum
459 3459 704 3550 dirigatis,quia
719 3457 812 3525 valde
829 3459 918 3526 utilis
935 3484 1002 3528 esse
1012 3476 1128 3554 potest,
1137 3477 1170 3529 et
1183 3488 1300 3531 aurum

266 3700 303 3768 (r)
320 3694 392 3753 Cod.
409 3693 558 3748 debitibus.

264 3800 301 3868 (a)
317 3794 389 3851 Cod.
409 3801 572 3848 restaurari.

266 3891 302 3965 (ὅ)
319 3891 391 3949 Cod.
405 3889 545 3963 adjuvari.

265 3991 302 4060 (A)
319 3989 394 4046 Cod.
409 3987 530 4043 maurol.

265 4085 300 4158 (5)
318 4085 529 4153 marchiennes,
544 4101 593 4139 sur
602 4083 628 4138 la
636 4083 751 4156 Scarpe,
763 4081 942 4154 aujourd‘hui
954 4082 1045 4156 bourg
1055 4084 1094 4138 du
1104 4083 1296 4159 department

239 4176 364 4251 cartoro,
379 4185 395 4234 a
411 4179 523 4246 dlieues
536 4180 569 4234 E.
580 4178 615 4234 de
624 4179 713 4234 Douai
723 4177 1034 4252 (Flendre-Wallone.).

404 4301 445 4347 11.
1136 4302 1176 4349 10
