3090 5302
236 468 295 528 412
567 465 759 527 munaum
782 464 960 527 cuum.

234 583 433 659 celsitudini
458 598 614 671 nostru,
643 582 781 658 fidelem
804 583 995 684 quemdam
1013 599 1204 671 nostrum,
1225 612 1289 659 uu-

233 703 331 774 miue
354 700 598 787 Einhardum,
623 699 667 773 de
695 700 908 801 quibusdam
935 699 1041 774 rebus
1066 703 1289 801 proprietatis

234 834 366 891 nostrae
383 814 579 904 honorare,
600 832 706 918 atque
720 818 758 890 in
772 819 825 891 sui
834 819 927 917 juris
937 834 1152 919 potestatem
1167 816 1290 893 tiben-

233 936 344 1009 litatis
362 950 494 1009 nostrae
511 936 622 1035 gratia
641 936 818 1009 conferre.
841 936 916 1009 Nec
938 936 1144 1011 immerito:
1163 938 1290 1039 quippe

234 1077 316 1124 cum
343 1068 379 1123 et
404 1050 582 1125 fidelitatis
610 1038 782 1151 obsequio
806 1066 843 1125 et
865 1048 1079 1126 obedientiae
1104 1050 1291 1127 deuotione

233 1165 302 1241 hoc
333 1168 426 1266 apud
453 1168 679 1241 serenitatem
707 1184 867 1244 n'ostram
889 1168 995 1269 digne
1019 1184 1203 1243 mereatur
1221 1166 1291 1241 adi·

233 1285 340 1383 pisci,
361 1285 422 1384 qui
445 1286 529 1358 totis
546 1283 697 1377 nisibus,
717 1311 982 1385 usquequaque,
1002 1302 1131 1361 nostru
1152 1288 1291 1359 servitiu

232 1416 268 1473 et
282 1401 414 1475 nostris
425 1400 645 1499 jussionibus
661 1401 814 1476 fideliter
831 1428 955 1503 parcre
968 1401 1102 1476 studet.
1119 1402 1209 1477 lude
1230 1428 1291 1477 uc-

233 1520 325 1591 verit
342 1520 558 1618 experientia
576 1535 686 1621 atque
700 1521 833 1593 utilitas
851 1521 1015 1594 omnium
1032 1520 1197 1595 fidelium
1215 1546 1292 1595 uus·

236 1652 396 1723 trorum,
427 1653 498 1709 tam
515 1639 747 1738 praesentium
768 1664 876 1739 quam
899 1653 935 1713 ct
960 1636 1197 1727 futurorum,
1215 1640 1290 1741 quia

235 1754 470 1827 concessimus
487 1755 602 1827 eidem
615 1753 710 1828 fideii
726 1772 851 1829 nostro
865 1752 1070 1841 Einhardo,
1089 1780 1160 1829 uec
1176 1780 1249 1827 nou
1260 1770 1292 1827 et

238 1871 379 1969 conjugi
408 1898 480 1944 suae
508 1874 652 1961 lmmae,
679 1873 716 1944 in
743 1869 904 1971 partibus
924 1871 1157 1961 Germanice,
1180 1872 1292 1947 locum

236 1988 299 2085 qui
314 2002 461 2059 vocatur
477 1988 696 2061 Michlinstat
712 1989 727 2086 (
735 1990 768 2086 r)
787 1988 822 2061 in
838 1988 922 2061 siiva
935 2013 1018 2089 quae
1036 2004 1191 2061 vocatur
1206 1986 1292 2063 Odu-

239 2102 369 2176 newalt
383 2104 437 2202 (2)
455 2135 463 2174 :
488 2106 525 2175 in
543 2109 642 2205 cujus
657 2105 776 2180 medio
792 2120 844 2180 est
863 2104 1002 2195 basilica
1021 2104 1143 2205 lignea
1164 2104 1293 2177 modim

241 2234 463 2309 constructa,
489 2221 533 2295 de
548 2249 617 2323 qua
633 2224 669 2295 iu
689 2248 833 2297 omnem
852 2237 1003 2323 purtem,
1018 2248 1292 2323 quaquaversus,

239 2337 422 2436 pertinent
438 2338 481 2411 ud
502 2340 655 2414 eundem
679 2341 798 2414 locum
817 2342 912 2415 inter
929 2364 1098 2439 campum
1119 2354 1159 2415 et
1179 2340 1293 2413 silvam

239 2454 351 2556 leugae
364 2456 468 2545 duoe,
489 2457 523 2530 id
540 2474 593 2531 est
608 2475 699 2531 rasta
717 2486 787 2533 una
801 2460 873 2559 (3).
892 2460 991 2531 intra
1007 2462 1111 2559 cujus
1124 2484 1294 2533 mensure

239 2572 535 2672 circumplexum,
551 2591 711 2664 manent,
723 2577 889 2676 praesenti
899 2574 1294 2675 ternpore,serviuustri

239 2691 377 2790 proprii
412 2693 702 2790 quatuordecim,
736 2721 820 2767 cum
848 2692 1020 2769 uxoribus
1046 2700 1121 2767 suis
1147 2708 1185 2769 ct
1206 2692 1292 2767 titiis.

237 2806 374 2878 Praeter
390 2806 456 2882 hos
468 2825 553 2881 suist
571 2811 608 2881 in
628 2808 754 2884 eodem
767 2811 872 2899 luco,
897 2812 992 2883 inter
1003 2808 1185 2883 masculus
1197 2826 1233 2883 et
1244 2806 1291 2881 Ιο-

240 2924 353 2996 minas
364 2979 376 3018 ‚
400 2926 576 3026 mancipia
594 2928 839 3029 quadraginta.
863 2930 968 3000 Hunc
989 2926 1113 2999 iocum
1129 2952 1214 2999 cum
1229 2942 1294 2999 ter·

239 3042 348 3114 minis
373 3045 463 3129 suis,
491 3043 558 3117 sub
588 3046 811 3146 integritate,
839 3060 875 3119 et
903 3042 1092 3143 mancipiis
1119 3044 1212 3130 suis,
1234 3066 1293 3115 nec

240 3184 314 3232 non
341 3175 376 3231 et
406 3160 524 3233 vitiam
553 3188 635 3263 quae
659 3161 793 3235 dicitur
812 3158 1026 3235 Muliuhcim
1039 3160 1118 3257 (41,
1140 3186 1223 3263 que
1246 3170 1293 3233 est

240 3278 277 3348 in
301 3302 393 3379 pago
412 3279 670 3380 Moynecgowe
684 3282 761 3381 (5),
780 3281 844 3353 sita
869 3304 977 3379 super
999 3280 1120 3379 ripam
1143 3276 1291 3353 {luminis

234 3478 272 3487 -—-
293 3480 352 3487 -=—-
372 3480 402 3487 ...-
412 3480 613 3489 ...————-.

273 3575 312 3643 (ι)
330 3572 515 3630 Michelstadt.
532 3576 604 3649 Voy.
617 3576 766 3645 ci-dessus,
781 3596 809 3650 p.
823 3574 884 3645 382,
899 3588 979 3631 notes
993 3594 1022 3632 ιι
1037 3586 1067 3631 et
1084 3592 1128 3631 aa.

271 3672 312 3743 (a)
332 3671 526 3728 L’Odenwald.
542 3674 615 3746 Vqr.
630 3692 659 3747 p.
671 3672 734 3748 379,
749 3684 815 3729 note
829 3693 852 3728 r.

272 3766 313 3837 (ὅ)
331 3770 412 3825 Cette
428 3786 537 3824 mesure
550 3769 725 3844 (quirutaitt
740 3771 810 3825 trois
820 3768 919 3824 mittes.
939 3766 1013 3841 Vuy.
1027 3766 1072 3823 Du
1085 3766 1184 3841 Gange
1193 3782 1228 3821 au
1240 3772 1289 3819 nrt

240 3864 338 3919 Basta.

273 3962 313 4031 (t)
331 3960 445 4034 Depuis,
457 3960 651 4035 seligenstadt.
666 3960 919 4035 vomet-denus,
933 3980 962 4035 p.
974 3958 1022 4027 65,
1037 3970 1107 4017 uste
1121 3978 1145 4017 ι.

273 4054 313 4123 (5)
330 4055 366 4109 ln
389 4073 455 4128 pays
473 4054 512 4109 du
532 4055 622 4120 Mein,
647 4054 735 4128 grand
755 4074 834 4129 pays,
855 4074 949 4129 papias
967 4053 1068 4129 major,
1094 4052 1132 4111 de
1152 4052 1178 4109 ia
1198 4052 1288 4109 rme

240 4151 382 4219 orientale,
402 4151 547 4207 s‘cteudait
562 4150 661 4225 depuis
678 4152 831 4221 Francfurt,
853 4170 901 4209 sur
916 4151 942 4207 la
957 4152 1017 4209 rire
1032 4152 1144 4225 mehe
1157 4150 1197 4207 d·
1209 4148 1287 4208 Ιὸ,

239 4248 345 4321 jusqu’t
357 4248 383 4303 la
395 4248 516 4307 Tauber.
532 4249 555 4305 lt
567 4261 610 4306 cst
620 4248 799 4321 aujourd’hui
812 4250 931 4325 'compris
942 4248 1013 4307 dnm
1023 4246 1051 4307 ir
1062 4250 1156 4325 grand
1170 4242 1288 4307 tuti&
