<?xml version="1.0" encoding="UTF-8"?>
<!DOCTYPE html PUBLIC "-//W3C//DTD XHTML 1.0 Transitional//EN"
    "http://www.w3.org/TR/xhtml1/DTD/xhtml1-transitional.dtd">
<html xmlns="http://www.w3.org/1999/xhtml" xml:lang="en" lang="en">
 <head>
  <title>
</title>
<meta http-equiv="Content-Type" content="text/html;charset=utf-8" />
  <meta name='ocr-system' content='tesseract 3.04.00' />
  <meta name='ocr-capabilities' content='ocr_page ocr_carea ocr_par ocr_line ocrx_word'/>
</head>
<body>
  <div class='ocr_page' id='page_1' title='image "./einhardiomniaqu00einhgoog_0441.png"; bbox 0 0 3166 5280; ppageno 0'>
   <div class='ocr_carea' id='block_1_1' title="bbox 254 416 1303 637">
    <p class='ocr_par' dir='ltr' id='par_1_1' title="bbox 254 416 1303 637">
     <span class='ocr_line' id='line_1_1' title="bbox 259 416 977 479; baseline -0.006 0"><span class='ocrx_word' id='word_1_1' title='bbox 259 418 318 479; x_wconf 70' lang='lat'>424</span> <span class='ocrx_word' id='word_1_2' title='bbox 592 417 780 477; x_wconf 76' lang='lat' dir='ltr'>Elltflattltl</span> <span class='ocrx_word' id='word_1_3' title='bbox 801 416 977 478; x_wconf 75' lang='lat' dir='ltr'>CHARTAE.</span> 
     </span>
     <span class='ocr_line' id='line_1_2' title="bbox 254 533 1303 637; baseline 0 -27"><span class='ocrx_word' id='word_1_4' title='bbox 254 536 410 621; x_wconf 84' lang='lat' dir='ltr'>abbatis,</span> <span class='ocrx_word' id='word_1_5' title='bbox 448 535 593 610; x_wconf 92' lang='lat' dir='ltr'>homine</span> <span class='ocrx_word' id='word_1_6' title='bbox 620 536 759 635; x_wconf 88' lang='lat' dir='ltr'>aliquo,</span> <span class='ocrx_word' id='word_1_7' title='bbox 793 537 944 609; x_wconf 89' lang='lat' dir='ltr'>nomine</span> <span class='ocrx_word' id='word_1_8' title='bbox 971 533 1130 611; x_wconf 83' lang='lat' dir='ltr'>Gullooo</span> <span class='ocrx_word' id='word_1_9' title='bbox 1162 536 1303 637; x_wconf 69' lang='lat' dir='ltr'>presby·</span> 
     </span>
    </p>
   </div>
   <div class='ocr_carea' id='block_1_2' title="bbox 223 651 1307 1923">
    <p class='ocr_par' dir='ltr' id='par_1_2' title="bbox 223 651 1307 1923">
     <span class='ocr_line' id='line_1_3' title="bbox 254 651 1305 751; baseline 0 -26"><span class='ocrx_word' id='word_1_10' title='bbox 254 671 332 738; x_wconf 78' lang='lat' dir='ltr'>tero</span> <span class='ocrx_word' id='word_1_11' title='bbox 350 654 419 751; x_wconf 89' lang='lat' dir='ltr'>(r).</span> <span class='ocrx_word' id='word_1_12' title='bbox 439 652 611 725; x_wconf 80' lang='lat' dir='ltr'>Similiter</span> <span class='ocrx_word' id='word_1_13' title='bbox 629 678 696 750; x_wconf 94' lang='lat' dir='ltr'>pro</span> <span class='ocrx_word' id='word_1_14' title='bbox 712 651 816 751; x_wconf 89' lang='lat' dir='ltr'>hujus</span> <span class='ocrx_word' id='word_1_15' title='bbox 832 653 883 726; x_wconf 91' lang='lat' dir='ltr'>rei</span> <span class='ocrx_word' id='word_1_16' title='bbox 901 654 1194 751; x_wconf 80' lang='lat' dir='ltr'>compensatione</span> <span class='ocrx_word' id='word_1_17' title='bbox 1213 654 1305 728; x_wconf 85' lang='lat' dir='ltr'>dedit</span> 
     </span>
     <span class='ocr_line' id='line_1_4' title="bbox 254 767 1305 871; baseline 0.001 -29"><span class='ocrx_word' id='word_1_18' title='bbox 254 786 398 842; x_wconf 90' lang='lat' dir='ltr'>econtra</span> <span class='ocrx_word' id='word_1_19' title='bbox 427 769 581 845; x_wconf 90' lang='lat' dir='ltr'>domnus</span> <span class='ocrx_word' id='word_1_20' title='bbox 602 767 803 841; x_wconf 84' lang='lat' dir='ltr'>Einhardus</span> <span class='ocrx_word' id='word_1_21' title='bbox 832 769 1044 843; x_wconf 81' lang='lat' dir='ltr'>venerabilis</span> <span class='ocrx_word' id='word_1_22' title='bbox 1065 768 1177 843; x_wconf 87' lang='lat' dir='ltr'>abbas</span> <span class='ocrx_word' id='word_1_23' title='bbox 1196 773 1305 871; x_wconf 87' lang='lat' dir='ltr'>parti-</span> 
     </span>
     <span class='ocr_line' id='line_1_5' title="bbox 252 886 1305 986; baseline 0.002 -27"><span class='ocrx_word' id='word_1_24' title='bbox 252 887 321 959; x_wconf 90' lang='lat' dir='ltr'>bus</span> <span class='ocrx_word' id='word_1_25' title='bbox 337 889 477 960; x_wconf 82' lang='lat' dir='ltr'>Sanctae</span> <span class='ocrx_word' id='word_1_26' title='bbox 496 886 621 960; x_wconf 71' lang='lat' dir='ltr'>Mariae</span> <span class='ocrx_word' id='word_1_27' title='bbox 639 888 814 986; x_wconf 85' lang='lat' dir='ltr'>mancipia</span> <span class='ocrx_word' id='word_1_28' title='bbox 831 886 903 960; x_wconf 93' lang='lat' dir='ltr'>duo</span> <span class='ocrx_word' id='word_1_29' title='bbox 920 887 974 960; x_wconf 87' lang='lat' dir='ltr'>his</span> <span class='ocrx_word' id='word_1_30' title='bbox 988 886 1220 977; x_wconf 87' lang='lat' dir='ltr'>nominibus,</span> <span class='ocrx_word' id='word_1_31' title='bbox 1239 890 1305 961; x_wconf 91' lang='lat' dir='ltr'>lm-</span> 
     </span>
     <span class='ocr_line' id='line_1_6' title="bbox 252 1002 1306 1107; baseline 0.001 -31"><span class='ocrx_word' id='word_1_32' title='bbox 252 1002 363 1079; x_wconf 95' lang='lat' dir='ltr'>boldo</span> <span class='ocrx_word' id='word_1_33' title='bbox 382 1020 418 1079; x_wconf 91' lang='lat' dir='ltr'>et</span> <span class='ocrx_word' id='word_1_34' title='bbox 430 1004 660 1091; x_wconf 76' lang='lat' dir='ltr'>vulframno,</span> <span class='ocrx_word' id='word_1_35' title='bbox 686 1006 733 1076; x_wconf 91' lang='lat' dir='ltr'>ita</span> <span class='ocrx_word' id='word_1_36' title='bbox 749 1020 790 1076; x_wconf 93' lang='lat' dir='ltr'>nt</span> <span class='ocrx_word' id='word_1_37' title='bbox 806 1005 851 1077; x_wconf 86' lang='lat' dir='ltr'>ab</span> <span class='ocrx_word' id='word_1_38' title='bbox 870 1004 1041 1079; x_wconf 90' lang='lat' dir='ltr'>hodierna</span> <span class='ocrx_word' id='word_1_39' title='bbox 1059 1004 1118 1079; x_wconf 89' lang='lat' dir='ltr'>die</span> <span class='ocrx_word' id='word_1_40' title='bbox 1135 1006 1306 1107; x_wconf 89' lang='lat' dir='ltr'>quicquid</span> 
     </span>
     <span class='ocr_line' id='line_1_7' title="bbox 251 1118 1307 1220; baseline 0 -29"><span class='ocrx_word' id='word_1_41' title='bbox 251 1119 296 1193; x_wconf 91' lang='lat' dir='ltr'>de</span> <span class='ocrx_word' id='word_1_42' title='bbox 323 1118 393 1194; x_wconf 89' lang='lat' dir='ltr'>hoc</span> <span class='ocrx_word' id='word_1_43' title='bbox 427 1119 526 1220; x_wconf 93' lang='lat' dir='ltr'>quod</span> <span class='ocrx_word' id='word_1_44' title='bbox 564 1120 809 1220; x_wconf 83' lang='lat' dir='ltr'>unusquisqne</span> <span class='ocrx_word' id='word_1_45' title='bbox 836 1147 879 1194; x_wconf 83' lang='lat' dir='ltr'>ex</span> <span class='ocrx_word' id='word_1_46' title='bbox 915 1120 1021 1194; x_wconf 88' lang='lat' dir='ltr'>nobis</span> <span class='ocrx_word' id='word_1_47' title='bbox 1050 1120 1212 1219; x_wconf 85' lang='lat' dir='ltr'>accepit,</span> <span class='ocrx_word' id='word_1_48' title='bbox 1243 1146 1307 1218; x_wconf 92' lang='lat' dir='ltr'>pro</span> 
     </span>
     <span class='ocr_line' id='line_1_8' title="bbox 252 1233 1307 1337; baseline -0.001 -27"><span class='ocrx_word' id='word_1_49' title='bbox 252 1237 499 1336; x_wconf 73' lang='lat' dir='ltr'>oportunitate</span> <span class='ocrx_word' id='word_1_50' title='bbox 516 1262 577 1309; x_wconf 90' lang='lat' dir='ltr'>sua</span> <span class='ocrx_word' id='word_1_51' title='bbox 591 1236 705 1310; x_wconf 86' lang='lat' dir='ltr'>lacere</span> <span class='ocrx_word' id='word_1_52' title='bbox 722 1238 889 1337; x_wconf 74' lang='lat' dir='ltr'>elegerit,</span> <span class='ocrx_word' id='word_1_53' title='bbox 910 1236 1065 1312; x_wconf 87' lang='lat' dir='ltr'>liberum</span> <span class='ocrx_word' id='word_1_54' title='bbox 1083 1236 1121 1309; x_wconf 91' lang='lat' dir='ltr'>in</span> <span class='ocrx_word' id='word_1_55' title='bbox 1141 1233 1307 1311; x_wconf 83' lang='lat' dir='ltr'>omnibns</span> 
     </span>
     <span class='ocr_line' id='line_1_9' title="bbox 251 1350 1306 1453; baseline -0.002 -26"><span class='ocrx_word' id='word_1_56' title='bbox 251 1354 458 1453; x_wconf 80' lang='lat' dir='ltr'>perfruatur</span> <span class='ocrx_word' id='word_1_57' title='bbox 483 1353 645 1428; x_wconf 90' lang='lat' dir='ltr'>arbitrio.</span> <span class='ocrx_word' id='word_1_58' title='bbox 669 1357 717 1426; x_wconf 88' lang='lat' dir='ltr'>Et</span> <span class='ocrx_word' id='word_1_59' title='bbox 739 1352 829 1428; x_wconf 92' lang='lat' dir='ltr'>illud</span> <span class='ocrx_word' id='word_1_60' title='bbox 855 1380 921 1453; x_wconf 92' lang='lat' dir='ltr'>pro</span> <span class='ocrx_word' id='word_1_61' title='bbox 942 1352 1123 1428; x_wconf 85' lang='lat' dir='ltr'>firmitatis</span> <span class='ocrx_word' id='word_1_62' title='bbox 1150 1350 1306 1427; x_wconf 87' lang='lat' dir='ltr'>studium</span> 
     </span>
     <span class='ocr_line' id='line_1_10' title="bbox 252 1470 1304 1571; baseline -0.003 -27"><span class='ocrx_word' id='word_1_63' title='bbox 252 1474 347 1546; x_wconf 88' lang='lat' dir='ltr'>inter</span> <span class='ocrx_word' id='word_1_64' title='bbox 369 1496 436 1544; x_wconf 88' lang='lat' dir='ltr'>nos</span> <span class='ocrx_word' id='word_1_65' title='bbox 452 1470 783 1571; x_wconf 78' lang='lat' dir='ltr'>successoribusque</span> <span class='ocrx_word' id='word_1_66' title='bbox 807 1471 940 1545; x_wconf 88' lang='lat' dir='ltr'>nostris</span> <span class='ocrx_word' id='word_1_67' title='bbox 960 1472 1117 1545; x_wconf 86' lang='lat' dir='ltr'>inserere</span> <span class='ocrx_word' id='word_1_68' title='bbox 1143 1484 1304 1569; x_wconf 89' lang='lat' dir='ltr'>pactum,</span> 
     </span>
     <span class='ocr_line' id='line_1_11' title="bbox 252 1586 1306 1689; baseline 0 -30"><span class='ocrx_word' id='word_1_69' title='bbox 252 1604 294 1660; x_wconf 94' lang='lat' dir='ltr'>ut</span> <span class='ocrx_word' id='word_1_70' title='bbox 320 1588 405 1662; x_wconf 88' lang='lat' dir='ltr'>duas</span> <span class='ocrx_word' id='word_1_71' title='bbox 428 1589 592 1689; x_wconf 85' lang='lat' dir='ltr'>epistolas</span> <span class='ocrx_word' id='word_1_72' title='bbox 616 1588 660 1661; x_wconf 91' lang='lat' dir='ltr'>de</span> <span class='ocrx_word' id='word_1_73' title='bbox 686 1586 750 1660; x_wconf 86' lang='lat' dir='ltr'>hac</span> <span class='ocrx_word' id='word_1_74' title='bbox 776 1615 814 1662; x_wconf 91' lang='lat' dir='ltr'>re</span> <span class='ocrx_word' id='word_1_75' title='bbox 837 1614 913 1663; x_wconf 91' lang='lat' dir='ltr'>uno</span> <span class='ocrx_word' id='word_1_76' title='bbox 939 1603 1064 1662; x_wconf 86' lang='lat' dir='ltr'>tenore</span> <span class='ocrx_word' id='word_1_77' title='bbox 1089 1588 1306 1687; x_wconf 84' lang='lat' dir='ltr'>conscriptas</span> 
     </span>
     <span class='ocr_line' id='line_1_12' title="bbox 249 1702 1303 1798; baseline -0.004 -21"><span class='ocrx_word' id='word_1_78' title='bbox 249 1705 365 1779; x_wconf 84' lang='lat' dir='ltr'>facere</span> <span class='ocrx_word' id='word_1_79' title='bbox 374 1732 436 1779; x_wconf 87' lang='lat' dir='ltr'>seu</span> <span class='ocrx_word' id='word_1_80' title='bbox 448 1704 674 1779; x_wconf 85' lang='lat' dir='ltr'>conscribere</span> <span class='ocrx_word' id='word_1_81' title='bbox 685 1705 905 1778; x_wconf 88' lang='lat' dir='ltr'>deberemus.</span> <span class='ocrx_word' id='word_1_82' title='bbox 921 1702 1028 1798; x_wconf 87' lang='lat' dir='ltr'>Quod</span> <span class='ocrx_word' id='word_1_83' title='bbox 1039 1704 1086 1777; x_wconf 90' lang='lat' dir='ltr'>ita</span> <span class='ocrx_word' id='word_1_84' title='bbox 1099 1720 1136 1777; x_wconf 91' lang='lat' dir='ltr'>et</span> <span class='ocrx_word' id='word_1_85' title='bbox 1147 1702 1303 1777; x_wconf 81' lang='lat' dir='ltr'>fecimus.</span> 
     </span>
     <span class='ocr_line' id='line_1_13' title="bbox 223 1821 1306 1923; baseline -0.003 -27"><span class='ocrx_word' id='word_1_86' title='bbox 223 1874 225 1878; x_wconf 63' lang='grc'><em>»</em></span> <span class='ocrx_word' id='word_1_87' title='bbox 248 1821 321 1896; x_wconf 89' lang='lat' dir='ltr'>Nec</span> <span class='ocrx_word' id='word_1_88' title='bbox 344 1821 468 1909; x_wconf 90' lang='lat' dir='ltr'>nobis,</span> <span class='ocrx_word' id='word_1_89' title='bbox 492 1848 608 1923; x_wconf 89' lang='lat' dir='ltr'>neque</span> <span class='ocrx_word' id='word_1_90' title='bbox 629 1822 891 1896; x_wconf 88' lang='lat' dir='ltr'>successoribus</span> <span class='ocrx_word' id='word_1_91' title='bbox 908 1822 1060 1908; x_wconf 88' lang='lat' dir='ltr'>nostris,</span> <span class='ocrx_word' id='word_1_92' title='bbox 1079 1834 1209 1895; x_wconf 87' lang='lat' dir='ltr'>eontra</span> <span class='ocrx_word' id='word_1_93' title='bbox 1226 1846 1306 1919; x_wconf 87' lang='lat' dir='ltr'>pare</span> 
     </span>
    </p>
   </div>
   <div class='ocr_carea' id='block_1_3' title="bbox 1161 2034 1301 2048">
    <p class='ocr_par' dir='ltr' id='par_1_3' title="bbox 1161 2034 1301 2048">
     <span class='ocr_line' id='line_1_14' title="bbox 1161 2034 1301 2048; baseline -0.021 0"><span class='ocrx_word' id='word_1_94' title='bbox 1161 2034 1301 2048; x_wconf 74' lang='lat'>-—-</span> 
     </span>
    </p>
   </div>
   <div class='ocr_carea' id='block_1_4' title="bbox 175 2150 1319 4063">
    <p class='ocr_par' dir='ltr' id='par_1_4' title="bbox 175 2150 1319 4063">
     <span class='ocr_line' id='line_1_15' title="bbox 285 2150 1310 2227; baseline 0.004 -21"><span class='ocrx_word' id='word_1_95' title='bbox 285 2153 326 2225; x_wconf 82' lang='lat' dir='ltr'>(r)</span> <span class='ocrx_word' id='word_1_96' title='bbox 345 2153 378 2206; x_wconf 90' lang='lat' dir='ltr'>D.</span> <span class='ocrx_word' id='word_1_97' title='bbox 397 2150 542 2217; x_wconf 87' lang='lat' dir='ltr'>Mabillon,</span> <span class='ocrx_word' id='word_1_98' title='bbox 564 2170 591 2224; x_wconf 91' lang='lat' dir='ltr'>p.</span> <span class='ocrx_word' id='word_1_99' title='bbox 605 2150 667 2217; x_wconf 78' lang='lat'>516,</span> <span class='ocrx_word' id='word_1_100' title='bbox 685 2161 766 2218; x_wconf 81' lang='lat' dir='ltr'>note,</span> <span class='ocrx_word' id='word_1_101' title='bbox 785 2152 889 2225; x_wconf 84' lang='lat' dir='ltr'>siguale</span> <span class='ocrx_word' id='word_1_102' title='bbox 904 2172 936 2207; x_wconf 89' lang='lat' dir='ltr'>ce</span> <span class='ocrx_word' id='word_1_103' title='bbox 952 2170 1065 2227; x_wconf 77' lang='lat' dir='ltr'>passage</span> <span class='ocrx_word' id='word_1_104' title='bbox 1081 2170 1194 2209; x_wconf 80' lang='lat' dir='ltr'>comme</span> <span class='ocrx_word' id='word_1_105' title='bbox 1211 2171 1310 2209; x_wconf 77' lang='lat' dir='ltr'>remar-</span> 
     </span>
     <span class='ocr_line' id='line_1_16' title="bbox 175 2248 1309 2325; baseline 0.002 -22"><span class='ocrx_word' id='word_1_106' title='bbox 175 2304 178 2310; x_wconf 84' lang='grc'>,</span> <span class='ocrx_word' id='word_1_107' title='bbox 253 2248 352 2322; x_wconf 88' lang='lat' dir='ltr'>quable</span> <span class='ocrx_word' id='word_1_108' title='bbox 364 2266 399 2303; x_wconf 89' lang='lat' dir='ltr'>en</span> <span class='ocrx_word' id='word_1_109' title='bbox 408 2248 774 2323; x_wconf 71' lang='lat' dir='ltr'>cequ&#39;onyvoitunprbtre,</span> <span class='ocrx_word' id='word_1_110' title='bbox 788 2248 935 2323; x_wconf 69' lang='lat' dir='ltr'>Gulsolcus</span> <span class='ocrx_word' id='word_1_111' title='bbox 941 2250 1099 2323; x_wconf 75' lang='lat' dir='ltr'>presbyter,</span> <span class='ocrx_word' id='word_1_112' title='bbox 1109 2248 1309 2325; x_wconf 73' lang='lat' dir='ltr'>lignoerpaml</span> 
     </span>
     <span class='ocr_line' id='line_1_17' title="bbox 252 2342 1311 2419; baseline 0.003 -20"><span class='ocrx_word' id='word_1_113' title='bbox 252 2345 292 2399; x_wconf 90' lang='lat' dir='ltr'>les</span> <span class='ocrx_word' id='word_1_114' title='bbox 310 2345 378 2400; x_wconf 80' lang='lat' dir='ltr'>aerls</span> <span class='ocrx_word' id='word_1_115' title='bbox 397 2344 547 2417; x_wconf 65' lang='lat' dir='ltr'>echangem</span> <span class='ocrx_word' id='word_1_116' title='bbox 571 2342 663 2399; x_wconf 88' lang='lat' dir='ltr'>tandia</span> <span class='ocrx_word' id='word_1_117' title='bbox 684 2362 739 2418; x_wconf 89' lang='lat' dir='ltr'>que</span> <span class='ocrx_word' id='word_1_118' title='bbox 756 2344 795 2399; x_wconf 88' lang='lat' dir='ltr'>les</span> <span class='ocrx_word' id='word_1_119' title='bbox 814 2344 882 2401; x_wconf 86' lang='lat' dir='ltr'>serss</span> <span class='ocrx_word' id='word_1_120' title='bbox 898 2346 1001 2401; x_wconf 87' lang='lat' dir='ltr'>e&#39;taient</span> <span class='ocrx_word' id='word_1_121' title='bbox 1019 2347 1147 2419; x_wconf 88' lang='lat' dir='ltr'>toujoura</span> <span class='ocrx_word' id='word_1_122' title='bbox 1165 2344 1311 2402; x_wconf 76' lang='lat' dir='ltr'>alli-anchis</span> 
     </span>
     <span class='ocr_line' id='line_1_18' title="bbox 253 2440 1311 2515; baseline 0.002 -18"><span class='ocrx_word' id='word_1_123' title='bbox 253 2452 334 2497; x_wconf 87' lang='lat' dir='ltr'>arant</span> <span class='ocrx_word' id='word_1_124' title='bbox 346 2441 408 2496; x_wconf 93' lang='lat' dir='ltr'>leur</span> <span class='ocrx_word' id='word_1_125' title='bbox 417 2441 591 2508; x_wconf 86' lang='lat' dir='ltr'>ordination,</span> <span class='ocrx_word' id='word_1_126' title='bbox 604 2440 674 2495; x_wconf 90' lang='lat' dir='ltr'>ainsi</span> <span class='ocrx_word' id='word_1_127' title='bbox 683 2459 737 2515; x_wconf 92' lang='lat' dir='ltr'>que</span> <span class='ocrx_word' id='word_1_128' title='bbox 751 2441 807 2495; x_wconf 84' lang='lat' dir='ltr'>cela</span> <span class='ocrx_word' id='word_1_129' title='bbox 823 2441 926 2497; x_wconf 77' lang='lat' dir='ltr'>resulte</span> <span class='ocrx_word' id='word_1_130' title='bbox 938 2440 986 2497; x_wconf 89' lang='lat' dir='ltr'>des</span> <span class='ocrx_word' id='word_1_131' title='bbox 994 2460 1097 2498; x_wconf 68' lang='lat' dir='ltr'>anona</span> <span class='ocrx_word' id='word_1_132' title='bbox 1108 2452 1140 2499; x_wconf 89' lang='lat' dir='ltr'>et</span> <span class='ocrx_word' id='word_1_133' title='bbox 1150 2440 1200 2499; x_wconf 80' lang='lat' dir='ltr'>dea</span> <span class='ocrx_word' id='word_1_134' title='bbox 1213 2452 1311 2499; x_wconf 75' lang='lat' dir='ltr'>ternu</span> 
     </span>
     <span class='ocr_line' id='line_1_19' title="bbox 253 2536 1312 2614; baseline -0.001 -20"><span class='ocrx_word' id='word_1_135' title='bbox 253 2540 357 2595; x_wconf 70' lang='lat' dir='ltr'>mbnres</span> <span class='ocrx_word' id='word_1_136' title='bbox 374 2538 423 2593; x_wconf 86' lang='lat' dir='ltr'>dea</span> <span class='ocrx_word' id='word_1_137' title='bbox 438 2538 511 2593; x_wconf 85' lang='lat' dir='ltr'>deux</span> <span class='ocrx_word' id='word_1_138' title='bbox 522 2538 631 2593; x_wconf 83' lang='lat' dir='ltr'>chartea</span> <span class='ocrx_word' id='word_1_139' title='bbox 649 2536 841 2610; x_wconf 75' lang='lat' dir='ltr'>precedentes,</span> <span class='ocrx_word' id='word_1_140' title='bbox 863 2544 895 2592; x_wconf 85' lang='lat' dir='ltr'>n⁰</span> <span class='ocrx_word' id='word_1_141' title='bbox 909 2556 948 2592; x_wconf 89' lang='grc' dir='ltr'><strong>ιιι.</strong></span> <span class='ocrx_word' id='word_1_142' title='bbox 969 2538 1115 2611; x_wconf 78' lang='lat' dir='ltr'>Ducange,</span> <span class='ocrx_word' id='word_1_143' title='bbox 1136 2540 1188 2614; x_wconf 87' lang='lat' dir='ltr'>qni</span> <span class='ocrx_word' id='word_1_144' title='bbox 1209 2540 1265 2595; x_wconf 85' lang='lat' dir='ltr'>cite</span> <span class='ocrx_word' id='word_1_145' title='bbox 1283 2554 1312 2593; x_wconf 85' lang='lat' dir='ltr'>oe</span> 
     </span>
     <span class='ocr_line' id='line_1_20' title="bbox 254 2632 1312 2709; baseline 0 -19"><span class='ocrx_word' id='word_1_146' title='bbox 254 2636 344 2691; x_wconf 74' lang='lat' dir='ltr'>rueme</span> <span class='ocrx_word' id='word_1_147' title='bbox 358 2652 470 2708; x_wconf 79' lang='lat' dir='ltr'>passage</span> <span class='ocrx_word' id='word_1_148' title='bbox 484 2652 519 2688; x_wconf 90' lang='lat' dir='ltr'>au</span> <span class='ocrx_word' id='word_1_149' title='bbox 537 2644 596 2688; x_wconf 89' lang='lat' dir='ltr'>mot</span> <span class='ocrx_word' id='word_1_150' title='bbox 615 2632 778 2705; x_wconf 83' lang='lat' dir='ltr'>Presbyter,</span> <span class='ocrx_word' id='word_1_151' title='bbox 796 2651 832 2689; x_wconf 92' lang='lat' dir='ltr'>en</span> <span class='ocrx_word' id='word_1_152' title='bbox 849 2632 961 2689; x_wconf 88' lang='lat' dir='ltr'>conclut</span> <span class='ocrx_word' id='word_1_153' title='bbox 976 2652 1032 2708; x_wconf 93' lang='lat' dir='ltr'>qne</span> <span class='ocrx_word' id='word_1_154' title='bbox 1051 2634 1091 2690; x_wconf 84' lang='lat' dir='ltr'>lea</span> <span class='ocrx_word' id='word_1_155' title='bbox 1105 2634 1227 2691; x_wconf 79' lang='lat' dir='ltr'>eaclavea</span> <span class='ocrx_word' id='word_1_156' title='bbox 1244 2652 1312 2709; x_wconf 91' lang='lat' dir='ltr'>pon·</span> 
     </span>
     <span class='ocr_line' id='line_1_21' title="bbox 253 2729 1310 2804; baseline -0.003 -17"><span class='ocrx_word' id='word_1_157' title='bbox 253 2734 345 2787; x_wconf 84' lang='lat' dir='ltr'>valent</span> <span class='ocrx_word' id='word_1_158' title='bbox 357 2731 418 2787; x_wconf 74' lang='lat' dir='ltr'>btre</span> <span class='ocrx_word' id='word_1_159' title='bbox 430 2730 537 2786; x_wconf 69' lang='lat' dir='ltr'>reactus</span> <span class='ocrx_word' id='word_1_160' title='bbox 549 2729 588 2784; x_wconf 92' lang='lat' dir='ltr'>du</span> <span class='ocrx_word' id='word_1_161' title='bbox 600 2732 738 2785; x_wconf 77' lang='lat' dir='ltr'>caractere</span> <span class='ocrx_word' id='word_1_162' title='bbox 747 2729 898 2785; x_wconf 83' lang='lat' dir='ltr'>sacerdotal</span> <span class='ocrx_word' id='word_1_163' title='bbox 909 2748 971 2786; x_wconf 86' lang='lat' dir='ltr'>saus</span> <span class='ocrx_word' id='word_1_164' title='bbox 982 2732 1105 2804; x_wconf 73' lang='lat' dir='ltr'>changer</span> <span class='ocrx_word' id='word_1_165' title='bbox 1112 2730 1149 2787; x_wconf 89' lang='lat' dir='ltr'>de</span> <span class='ocrx_word' id='word_1_166' title='bbox 1157 2730 1310 2787; x_wconf 86' lang='lat' dir='ltr'>condition.</span> 
     </span>
     <span class='ocr_line' id='line_1_22' title="bbox 256 2826 1314 2902; baseline -0.004 -15"><span class='ocrx_word' id='word_1_167' title='bbox 256 2830 304 2887; x_wconf 88' lang='lat' dir='ltr'>On</span> <span class='ocrx_word' id='word_1_168' title='bbox 312 2829 438 2902; x_wconf 87' lang='lat' dir='ltr'>pourrait</span> <span class='ocrx_word' id='word_1_169' title='bbox 446 2846 481 2882; x_wconf 93' lang='lat' dir='ltr'>en</span> <span class='ocrx_word' id='word_1_170' title='bbox 494 2826 557 2881; x_wconf 82' lang='lat' dir='ltr'>ellet</span> <span class='ocrx_word' id='word_1_171' title='bbox 566 2826 635 2881; x_wconf 84' lang='lat' dir='ltr'>citer</span> <span class='ocrx_word' id='word_1_172' title='bbox 644 2826 692 2881; x_wconf 88' lang='lat' dir='ltr'>des</span> <span class='ocrx_word' id='word_1_173' title='bbox 699 2827 835 2900; x_wconf 73' lang='lat' dir='ltr'>exemplet</span> <span class='ocrx_word' id='word_1_174' title='bbox 842 2826 878 2882; x_wconf 89' lang='lat' dir='ltr'>de</span> <span class='ocrx_word' id='word_1_175' title='bbox 885 2828 953 2883; x_wconf 81' lang='lat' dir='ltr'>secla</span> <span class='ocrx_word' id='word_1_176' title='bbox 959 2832 1102 2884; x_wconf 74' lang='lat' dir='ltr'>consecres</span> <span class='ocrx_word' id='word_1_177' title='bbox 1110 2828 1314 2901; x_wconf 63' lang='lat' dir='ltr'>premente·</span> 
     </span>
     <span class='ocr_line' id='line_1_23' title="bbox 255 2922 1315 2997; baseline -0.001 -17"><span class='ocrx_word' id='word_1_178' title='bbox 255 2943 357 2981; x_wconf 87' lang='lat' dir='ltr'>canons</span> <span class='ocrx_word' id='word_1_179' title='bbox 370 2925 472 2980; x_wconf 76' lang='lat' dir='ltr'>memes</span> <span class='ocrx_word' id='word_1_180' title='bbox 484 2925 532 2997; x_wconf 89' lang='lat' dir='ltr'>qui</span> <span class='ocrx_word' id='word_1_181' title='bbox 546 2922 697 2978; x_wconf 81' lang='lat' dir='ltr'>defendent</span> <span class='ocrx_word' id='word_1_182' title='bbox 710 2933 754 2977; x_wconf 89' lang='lat' dir='ltr'>cet</span> <span class='ocrx_word' id='word_1_183' title='bbox 766 2923 834 2977; x_wconf 85' lang='lat' dir='ltr'>abus</span> <span class='ocrx_word' id='word_1_184' title='bbox 851 2942 887 2977; x_wconf 87' lang='lat' dir='ltr'>en</span> <span class='ocrx_word' id='word_1_185' title='bbox 900 2934 1055 2980; x_wconf 86' lang='lat' dir='ltr'>constatent</span> <span class='ocrx_word' id='word_1_186' title='bbox 1064 2924 1233 2979; x_wconf 82' lang='lat' dir='ltr'>l’existenoe.</span> <span class='ocrx_word' id='word_1_187' title='bbox 1247 2924 1315 2979; x_wconf 72' lang='lat' dir='ltr'>nat·</span> 
     </span>
     <span class='ocr_line' id='line_1_24' title="bbox 256 3019 1314 3095; baseline -0.004 -16"><span class='ocrx_word' id='word_1_188' title='bbox 256 3024 277 3079; x_wconf 93' lang='lat' dir='ltr'>il</span> <span class='ocrx_word' id='word_1_189' title='bbox 297 3034 339 3079; x_wconf 89' lang='lat' dir='ltr'>est</span> <span class='ocrx_word' id='word_1_190' title='bbox 359 3040 414 3095; x_wconf 89' lang='lat' dir='ltr'>peu</span> <span class='ocrx_word' id='word_1_191' title='bbox 429 3019 635 3076; x_wconf 86' lang='lat' dir='ltr'>vraisemblable</span> <span class='ocrx_word' id='word_1_192' title='bbox 654 3020 756 3092; x_wconf 88' lang='lat' dir='ltr'>qu&#39;une</span> <span class='ocrx_word' id='word_1_193' title='bbox 775 3020 838 3076; x_wconf 89' lang='lat' dir='ltr'>telle</span> <span class='ocrx_word' id='word_1_194' title='bbox 854 3020 1030 3095; x_wconf 80' lang='lat' dir='ltr'>irregularite‘</span> <span class='ocrx_word' id='word_1_195' title='bbox 1047 3022 1098 3077; x_wconf 82' lang='lat' dir='ltr'>edt</span> <span class='ocrx_word' id='word_1_196' title='bbox 1114 3024 1160 3077; x_wconf 73' lang='lat' dir='ltr'>ete</span> <span class='ocrx_word' id='word_1_197' title='bbox 1177 3020 1314 3077; x_wconf 71' lang='lat' dir='ltr'>tolerbesi</span> 
     </span>
     <span class='ocr_line' id='line_1_25' title="bbox 256 3117 1314 3195; baseline -0.002 -20"><span class='ocrx_word' id='word_1_198' title='bbox 256 3123 321 3195; x_wconf 76' lang='lat' dir='ltr'>pri-s</span> <span class='ocrx_word' id='word_1_199' title='bbox 332 3119 367 3175; x_wconf 87' lang='lat' dir='ltr'>de</span> <span class='ocrx_word' id='word_1_200' title='bbox 382 3120 407 3173; x_wconf 90' lang='lat' dir='ltr'>la</span> <span class='ocrx_word' id='word_1_201' title='bbox 417 3137 495 3175; x_wconf 90' lang='lat' dir='ltr'>cour.</span> <span class='ocrx_word' id='word_1_202' title='bbox 509 3118 585 3173; x_wconf 78' lang='lat' dir='ltr'>Nous</span> <span class='ocrx_word' id='word_1_203' title='bbox 598 3117 691 3172; x_wconf 80' lang='lat' dir='ltr'>fernus</span> <span class='ocrx_word' id='word_1_204' title='bbox 702 3117 773 3172; x_wconf 90' lang='lat' dir='ltr'>donc</span> <span class='ocrx_word' id='word_1_205' title='bbox 784 3118 912 3173; x_wconf 82' lang='lat' dir='ltr'>observer</span> <span class='ocrx_word' id='word_1_206' title='bbox 926 3136 981 3193; x_wconf 90' lang='lat' dir='ltr'>que</span> <span class='ocrx_word' id='word_1_207' title='bbox 995 3118 1134 3193; x_wconf 80' lang='lat' dir='ltr'>Grclsoeus</span> <span class='ocrx_word' id='word_1_208' title='bbox 1148 3128 1193 3173; x_wconf 83' lang='lat' dir='ltr'>eat</span> <span class='ocrx_word' id='word_1_209' title='bbox 1203 3120 1314 3173; x_wconf 72' lang='lat' dir='ltr'>nomme</span> 
     </span>
     <span class='ocr_line' id='line_1_26' title="bbox 258 3212 1314 3291; baseline -0.004 -18"><span class='ocrx_word' id='word_1_210' title='bbox 258 3220 326 3273; x_wconf 87' lang='lat' dir='ltr'>‹lans</span> <span class='ocrx_word' id='word_1_211' title='bbox 336 3217 360 3271; x_wconf 84' lang='lat' dir='ltr'>la</span> <span class='ocrx_word' id='word_1_212' title='bbox 373 3218 469 3271; x_wconf 81' lang='lat' dir='ltr'>charte</span> <span class='ocrx_word' id='word_1_213' title='bbox 480 3216 629 3287; x_wconf 78' lang='lat' dir='ltr'>presbyter</span> <span class='ocrx_word' id='word_1_214' title='bbox 639 3223 668 3268; x_wconf 86' lang='lat' dir='ltr'>et</span> <span class='ocrx_word' id='word_1_215' title='bbox 680 3232 736 3268; x_wconf 91' lang='lat' dir='ltr'>uon</span> <span class='ocrx_word' id='word_1_216' title='bbox 748 3218 922 3286; x_wconf 79' lang='lat' dir='ltr'>mancipium.</span> <span class='ocrx_word' id='word_1_217' title='bbox 936 3216 984 3271; x_wconf 90' lang='lat' dir='ltr'>On</span> <span class='ocrx_word' id='word_1_218' title='bbox 996 3226 1110 3289; x_wconf 88' lang='lat' dir='ltr'>penten</span> <span class='ocrx_word' id='word_1_219' title='bbox 1122 3214 1237 3271; x_wconf 87' lang='lat' dir='ltr'>induire</span> <span class='ocrx_word' id='word_1_220' title='bbox 1248 3212 1314 3291; x_wconf 87' lang='lat' dir='ltr'>qn’il</span> 
     </span>
     <span class='ocr_line' id='line_1_27' title="bbox 258 3310 1314 3377; baseline 0 -8"><span class='ocrx_word' id='word_1_221' title='bbox 258 3314 329 3369; x_wconf 77' lang='lat' dir='ltr'>avait</span> <span class='ocrx_word' id='word_1_222' title='bbox 341 3315 385 3367; x_wconf 76' lang='lat' dir='ltr'>e&#39;te</span> <span class='ocrx_word' id='word_1_223' title='bbox 400 3311 531 3366; x_wconf 81' lang='lat' dir='ltr'>affranclri</span> <span class='ocrx_word' id='word_1_224' title='bbox 544 3321 624 3365; x_wconf 82' lang='lat' dir='ltr'>arant</span> <span class='ocrx_word' id='word_1_225' title='bbox 637 3310 672 3363; x_wconf 86' lang='lat' dir='ltr'>de</span> <span class='ocrx_word' id='word_1_226' title='bbox 685 3313 807 3366; x_wconf 79' lang='lat' dir='ltr'>receuoir</span> <span class='ocrx_word' id='word_1_227' title='bbox 822 3310 862 3366; x_wconf 90' lang='lat' dir='ltr'>les</span> <span class='ocrx_word' id='word_1_228' title='bbox 874 3312 984 3377; x_wconf 74' lang='lat' dir='ltr'>orares,</span> <span class='ocrx_word' id='word_1_229' title='bbox 1003 3314 1073 3369; x_wconf 87' lang='lat' dir='ltr'>mais</span> <span class='ocrx_word' id='word_1_230' title='bbox 1084 3330 1146 3367; x_wconf 82' lang='lat' dir='ltr'>sans</span> <span class='ocrx_word' id='word_1_231' title='bbox 1159 3312 1187 3367; x_wconf 93' lang='lat' dir='ltr'>le</span> <span class='ocrx_word' id='word_1_232' title='bbox 1200 3330 1314 3369; x_wconf 66' lang='lat' dir='ltr'>contem</span> 
     </span>
     <span class='ocr_line' id='line_1_28' title="bbox 259 3406 1314 3485; baseline 0 -20"><span class='ocrx_word' id='word_1_233' title='bbox 259 3420 378 3474; x_wconf 81' lang='lat' dir='ltr'>teroem,</span> <span class='ocrx_word' id='word_1_234' title='bbox 389 3420 418 3463; x_wconf 88' lang='lat' dir='ltr'>et</span> <span class='ocrx_word' id='word_1_235' title='bbox 427 3426 462 3462; x_wconf 86' lang='lat' dir='ltr'>au</span> <span class='ocrx_word' id='word_1_236' title='bbox 471 3407 613 3480; x_wconf 87' lang='lat' dir='ltr'>pre&#39;judire</span> <span class='ocrx_word' id='word_1_237' title='bbox 624 3406 659 3461; x_wconf 91' lang='lat' dir='ltr'>de</span> <span class='ocrx_word' id='word_1_238' title='bbox 671 3406 800 3463; x_wconf 88' lang='lat' dir='ltr'>l&#39;abbesse</span> <span class='ocrx_word' id='word_1_239' title='bbox 808 3408 1016 3481; x_wconf 79' lang='lat' dir='ltr'>d&#39;Argenteuil,</span> <span class='ocrx_word' id='word_1_240' title='bbox 1029 3413 1044 3464; x_wconf 79' lang='lat' dir='ltr'>&#39;a</span> <span class='ocrx_word' id='word_1_241' title='bbox 1057 3408 1175 3485; x_wconf 85' lang='lat' dir='ltr'>laquelle</span> <span class='ocrx_word' id='word_1_242' title='bbox 1184 3410 1206 3465; x_wconf 89' lang='lat' dir='ltr'>il</span> <span class='ocrx_word' id='word_1_243' title='bbox 1216 3428 1314 3485; x_wconf 82' lang='lat' dir='ltr'>appar-</span> 
     </span>
     <span class='ocr_line' id='line_1_29' title="bbox 259 3503 1316 3581; baseline -0.002 -18"><span class='ocrx_word' id='word_1_244' title='bbox 259 3507 360 3573; x_wconf 86' lang='lat' dir='ltr'>tenait‚</span> <span class='ocrx_word' id='word_1_245' title='bbox 375 3516 403 3560; x_wconf 88' lang='lat' dir='ltr'>et</span> <span class='ocrx_word' id='word_1_246' title='bbox 413 3505 481 3578; x_wconf 91' lang='lat' dir='ltr'>qu’il</span> <span class='ocrx_word' id='word_1_247' title='bbox 492 3503 579 3558; x_wconf 85' lang='lat' dir='ltr'>lallait</span> <span class='ocrx_word' id='word_1_248' title='bbox 591 3504 818 3559; x_wconf 84' lang='lat' dir='ltr'>ue&#39;cessairement</span> <span class='ocrx_word' id='word_1_249' title='bbox 833 3504 1012 3560; x_wconf 82' lang='lat' dir='ltr'>indemniser.</span> <span class='ocrx_word' id='word_1_250' title='bbox 1027 3506 1101 3561; x_wconf 83' lang='lat' dir='ltr'>C&#39;est</span> <span class='ocrx_word' id='word_1_251' title='bbox 1116 3524 1149 3561; x_wconf 87' lang='lat' dir='ltr'>ee</span> <span class='ocrx_word' id='word_1_252' title='bbox 1162 3506 1251 3581; x_wconf 87' lang='lat' dir='ltr'>qu’on</span> <span class='ocrx_word' id='word_1_253' title='bbox 1268 3506 1316 3563; x_wconf 76' lang='lat' dir='ltr'>arr</span> 
     </span>
     <span class='ocr_line' id='line_1_30' title="bbox 259 3598 1317 3673; baseline 0.002 -16"><span class='ocrx_word' id='word_1_254' title='bbox 259 3621 295 3658; x_wconf 92' lang='lat' dir='ltr'>en</span> <span class='ocrx_word' id='word_1_255' title='bbox 307 3602 431 3656; x_wconf 88' lang='lat' dir='ltr'>donnant</span> <span class='ocrx_word' id='word_1_256' title='bbox 443 3604 458 3653; x_wconf 76' lang='lat' dir='ltr'>ir</span> <span class='ocrx_word' id='word_1_257' title='bbox 471 3610 542 3653; x_wconf 84' lang='lat' dir='ltr'>cette</span> <span class='ocrx_word' id='word_1_258' title='bbox 551 3598 663 3653; x_wconf 87' lang='lat' dir='ltr'>abbesse</span> <span class='ocrx_word' id='word_1_259' title='bbox 676 3599 830 3654; x_wconf 73' lang='lat' dir='ltr'>demseris</span> <span class='ocrx_word' id='word_1_260' title='bbox 843 3605 858 3654; x_wconf 78' lang='lat' dir='ltr'>tr</span> <span class='ocrx_word' id='word_1_261' title='bbox 874 3600 899 3654; x_wconf 82' lang='lat' dir='ltr'>la</span> <span class='ocrx_word' id='word_1_262' title='bbox 917 3600 993 3673; x_wconf 86' lang='lat' dir='ltr'>place</span> <span class='ocrx_word' id='word_1_263' title='bbox 1007 3599 1042 3655; x_wconf 89' lang='lat' dir='ltr'>de</span> <span class='ocrx_word' id='word_1_264' title='bbox 1052 3600 1212 3657; x_wconf 85' lang='lat' dir='ltr'>Gnlloleua.</span> <span class='ocrx_word' id='word_1_265' title='bbox 1225 3604 1263 3659; x_wconf 89' lang='lat' dir='ltr'>l.e</span> <span class='ocrx_word' id='word_1_266' title='bbox 1272 3620 1317 3659; x_wconf 79' lang='lat' dir='ltr'>eae</span> 
     </span>
     <span class='ocr_line' id='line_1_31' title="bbox 259 3694 1314 3773; baseline 0 -20"><span class='ocrx_word' id='word_1_267' title='bbox 259 3710 301 3755; x_wconf 84' lang='lat' dir='ltr'>est</span> <span class='ocrx_word' id='word_1_268' title='bbox 308 3700 393 3771; x_wconf 75' lang='lat' dir='ltr'>prevu</span> <span class='ocrx_word' id='word_1_269' title='bbox 405 3714 455 3769; x_wconf 89' lang='lat' dir='ltr'>par</span> <span class='ocrx_word' id='word_1_270' title='bbox 465 3694 489 3749; x_wconf 88' lang='lat' dir='ltr'>la</span> <span class='ocrx_word' id='word_1_271' title='bbox 501 3694 540 3750; x_wconf 87' lang='lat' dir='ltr'>lo&#39;r</span> <span class='ocrx_word' id='word_1_272' title='bbox 550 3694 653 3768; x_wconf 85' lang='lat' dir='ltr'>salique</span> <span class='ocrx_word' id='word_1_273' title='bbox 662 3696 764 3749; x_wconf 77' lang='lat' dir='ltr'>revisee</span> <span class='ocrx_word' id='word_1_274' title='bbox 776 3698 855 3763; x_wconf 78' lang='lat' dir='ltr'>(Lex</span> <span class='ocrx_word' id='word_1_275' title='bbox 863 3699 940 3752; x_wconf 83' lang='lat' dir='ltr'>solie.</span> <span class='ocrx_word' id='word_1_276' title='bbox 950 3697 1108 3767; x_wconf 79' lang='lat' dir='ltr'>entendatu,</span> <span class='ocrx_word' id='word_1_277' title='bbox 1119 3698 1163 3753; x_wconf 87' lang='lat' dir='ltr'>tit.</span> <span class='ocrx_word' id='word_1_278' title='bbox 1174 3698 1221 3767; x_wconf 72' lang='lat' dir='ltr'>ab,</span> <span class='ocrx_word' id='word_1_279' title='bbox 1233 3698 1259 3773; x_wconf 67' lang='grc' dir='ltr'>ς.</span> <span class='ocrx_word' id='word_1_280' title='bbox 1270 3708 1314 3769; x_wconf 75' lang='lat' dir='ltr'>al:</span> 
     </span>
     <span class='ocr_line' id='line_1_32' title="bbox 262 3790 1319 3871; baseline 0.008 -26"><span class='ocrx_word' id='word_1_281' title='bbox 262 3797 312 3851; x_wconf 78' lang='lat' dir='ltr'>..st</span> <span class='ocrx_word' id='word_1_282' title='bbox 326 3792 476 3868; x_wconf 89' lang='lat' dir='ltr'>quelqu&#39;un</span> <span class='ocrx_word' id='word_1_283' title='bbox 490 3790 633 3847; x_wconf 83' lang='lat' dir='ltr'>atlmuclrit</span> <span class='ocrx_word' id='word_1_284' title='bbox 647 3792 672 3847; x_wconf 86' lang='lat' dir='ltr'>lo</span> <span class='ocrx_word' id='word_1_285' title='bbox 681 3792 809 3848; x_wconf 84' lang='lat' dir='ltr'>serl&#39;d&#39;un</span> <span class='ocrx_word' id='word_1_286' title='bbox 819 3804 912 3861; x_wconf 80' lang='lat' dir='ltr'>autre,</span> <span class='ocrx_word' id='word_1_287' title='bbox 928 3795 948 3849; x_wconf 88' lang='lat' dir='ltr'>il</span> <span class='ocrx_word' id='word_1_288' title='bbox 961 3795 1000 3850; x_wconf 89' lang='lat' dir='ltr'>lui</span> <span class='ocrx_word' id='word_1_289' title='bbox 1012 3814 1047 3851; x_wconf 89' lang='lat' dir='ltr'>en</span> <span class='ocrx_word' id='word_1_290' title='bbox 1059 3797 1151 3869; x_wconf 78' lang='lat' dir='ltr'>palera</span> <span class='ocrx_word' id='word_1_291' title='bbox 1161 3796 1190 3851; x_wconf 87' lang='lat' dir='ltr'>le</span> <span class='ocrx_word' id='word_1_292' title='bbox 1201 3796 1274 3871; x_wconf 80' lang='lat' dir='ltr'>prix,</span> <span class='ocrx_word' id='word_1_293' title='bbox 1289 3808 1319 3853; x_wconf 83' lang='lat' dir='ltr'>et</span> 
     </span>
     <span class='ocr_line' id='line_1_33' title="bbox 260 3886 1318 3947; baseline 0.002 -2"><span class='ocrx_word' id='word_1_294' title='bbox 260 3912 294 3946; x_wconf 85' lang='lat' dir='ltr'>ru</span> <span class='ocrx_word' id='word_1_295' title='bbox 306 3902 387 3945; x_wconf 88' lang='lat' dir='ltr'>outre</span> <span class='ocrx_word' id='word_1_296' title='bbox 399 3908 453 3942; x_wconf 85' lang='lat' dir='ltr'>unc</span> <span class='ocrx_word' id='word_1_297' title='bbox 465 3886 580 3943; x_wconf 84' lang='lat' dir='ltr'>amende</span> <span class='ocrx_word' id='word_1_298' title='bbox 590 3887 625 3943; x_wconf 94' lang='lat' dir='ltr'>de</span> <span class='ocrx_word' id='word_1_299' title='bbox 637 3886 672 3943; x_wconf 82' lang='lat'>35</span> <span class='ocrx_word' id='word_1_300' title='bbox 682 3906 752 3943; x_wconf 89' lang='lat' dir='ltr'>sous.</span> <span class='ocrx_word' id='word_1_301' title='bbox 769 3888 818 3944; x_wconf 89' lang='lat' dir='ltr'>Les</span> <span class='ocrx_word' id='word_1_302' title='bbox 826 3890 904 3945; x_wconf 85' lang='lat' dir='ltr'>biens</span> <span class='ocrx_word' id='word_1_303' title='bbox 917 3890 956 3945; x_wconf 91' lang='lat' dir='ltr'>du</span> <span class='ocrx_word' id='word_1_304' title='bbox 970 3890 1027 3946; x_wconf 83' lang='lat' dir='ltr'>aerl</span> <span class='ocrx_word' id='word_1_305' title='bbox 1035 3901 1129 3946; x_wconf 89' lang='lat' dir='ltr'>seront</span> <span class='ocrx_word' id='word_1_306' title='bbox 1140 3892 1274 3947; x_wconf 74' lang='lat' dir='ltr'>mutue·</span> <span class='ocrx_word' id='word_1_307' title='bbox 1283 3910 1318 3947; x_wconf 85' lang='lat' dir='ltr'>au</span> 
     </span>
     <span class='ocr_line' id='line_1_34' title="bbox 261 3987 1319 4063; baseline 0.004 -22"><span class='ocrx_word' id='word_1_308' title='bbox 261 3990 380 4063; x_wconf 80' lang='lat' dir='ltr'>premier</span> <span class='ocrx_word' id='word_1_309' title='bbox 395 3987 499 4039; x_wconf 76' lang='lat' dir='ltr'>maltro.</span> <span class='ocrx_word' id='word_1_310' title='bbox 512 4010 525 4035; x_wconf 74' lang='grc' dir='ltr'>ι»</span> <span class='ocrx_word' id='word_1_311' title='bbox 540 3987 579 4042; x_wconf 91' lang='lat' dir='ltr'>Ici</span> <span class='ocrx_word' id='word_1_312' title='bbox 589 3987 643 4042; x_wconf 91' lang='lat' dir='ltr'>l&#39;on</span> <span class='ocrx_word' id='word_1_313' title='bbox 662 3988 754 4042; x_wconf 84' lang='lat' dir='ltr'>donne</span> <span class='ocrx_word' id='word_1_314' title='bbox 768 4006 806 4041; x_wconf 91' lang='lat' dir='ltr'>un</span> <span class='ocrx_word' id='word_1_315' title='bbox 818 3990 919 4043; x_wconf 85' lang='lat' dir='ltr'>second</span> <span class='ocrx_word' id='word_1_316' title='bbox 929 3989 990 4050; x_wconf 83' lang='lat' dir='ltr'>serl&#39;</span> <span class='ocrx_word' id='word_1_317' title='bbox 998 4008 1034 4045; x_wconf 89' lang='lat' dir='ltr'>en</span> <span class='ocrx_word' id='word_1_318' title='bbox 1044 3988 1121 4063; x_wconf 82' lang='lat' dir='ltr'>place</span> <span class='ocrx_word' id='word_1_319' title='bbox 1134 3988 1171 4043; x_wconf 90' lang='lat' dir='ltr'>de</span> <span class='ocrx_word' id='word_1_320' title='bbox 1182 3988 1319 4045; x_wconf 76' lang='lat' dir='ltr'>l&#39;arnende</span> 
     </span>
    </p>
   </div>
   <div class='ocr_carea' id='block_1_5' title="bbox 259 4082 1319 4251">
    <p class='ocr_par' dir='ltr' id='par_1_5' title="bbox 259 4082 1319 4251">
     <span class='ocr_line' id='line_1_35' title="bbox 259 4082 1319 4159; baseline 0.006 -24"><span class='ocrx_word' id='word_1_321' title='bbox 259 4096 288 4139; x_wconf 80' lang='lat' dir='ltr'>rt</span> <span class='ocrx_word' id='word_1_322' title='bbox 307 4084 362 4138; x_wconf 93' lang='lat' dir='ltr'>l&#39;on</span> <span class='ocrx_word' id='word_1_323' title='bbox 383 4102 417 4136; x_wconf 88' lang='lat' dir='ltr'>ne</span> <span class='ocrx_word' id='word_1_324' title='bbox 434 4082 517 4153; x_wconf 75' lang='lat' dir='ltr'>purle&#39;</span> <span class='ocrx_word' id='word_1_325' title='bbox 528 4102 575 4155; x_wconf 83' lang='lat' dir='ltr'>pas</span> <span class='ocrx_word' id='word_1_326' title='bbox 594 4083 642 4138; x_wconf 76' lang='lat' dir='ltr'>(les</span> <span class='ocrx_word' id='word_1_327' title='bbox 659 4084 753 4149; x_wconf 86' lang='lat' dir='ltr'>biens,</span> <span class='ocrx_word' id='word_1_328' title='bbox 773 4102 800 4156; x_wconf 85' lang='lat' dir='ltr'>pr</span> <span class='ocrx_word' id='word_1_329' title='bbox 808 4085 979 4143; x_wconf 79' lang='lat' dir='ltr'>ulralrlenaent</span> <span class='ocrx_word' id='word_1_330' title='bbox 992 4104 1073 4159; x_wconf 81' lang='lat' dir='ltr'>parre</span> <span class='ocrx_word' id='word_1_331' title='bbox 1090 4104 1146 4159; x_wconf 83' lang='lat' dir='ltr'>qne</span> <span class='ocrx_word' id='word_1_332' title='bbox 1165 4084 1319 4145; x_wconf 79' lang='lat' dir='ltr'>l&#39;all&#39;nnelai</span> 
     </span>
     <span class='ocr_line' id='line_1_36' title="bbox 260 4176 528 4251; baseline -0.011 -17"><span class='ocrx_word' id='word_1_333' title='bbox 260 4180 321 4234; x_wconf 86' lang='lat' dir='ltr'>n’uu</span> <span class='ocrx_word' id='word_1_334' title='bbox 333 4176 467 4251; x_wconf 75' lang='lat' dir='ltr'>possedait</span> <span class='ocrx_word' id='word_1_335' title='bbox 482 4196 528 4248; x_wconf 85' lang='lat' dir='ltr'>pas</span> 
     </span>
    </p>
   </div>
   <div class='ocr_carea' id='block_1_6' title="bbox 0 0 1600 5280">
    <p class='ocr_par' dir='ltr' id='par_1_6' title="bbox 0 0 1600 5280">
     <span class='ocr_line' id='line_1_37' title="bbox 0 0 1600 5280; baseline 0 0"><span class='ocrx_word' id='word_1_336' title='bbox 0 0 1600 5280; x_wconf 95' lang='lat' dir='ltr'> </span> 
     </span>
    </p>
   </div>
  </div>
 </body>
</html>
