3090 5302
234 391 293 452 24⁸2
463 387 645 448 ttts'rofltt
667 388 980 461 'l'llleLl'l'lONlS,
1001 408 1063 449 nc.

233 523 407 607 natusque
434 531 565 605 pavore
583 531 654 579 nou
673 506 845 591 minimo,
864 507 978 579 crexit
990 532 1027 577 se
1044 504 1231 603 paululum
1251 506 1284 579 iu

232 651 344 724 genua
356 677 367 711 ,
390 638 423 695 et
455 624 493 695 in
516 648 662 697 omnem
690 640 828 721 partem
860 623 1132 722 circumspicere
1156 624 1284 721 eoepit,

232 740 411 813 aestiman's
439 739 593 841 aliquem
623 739 667 813 de
703 737 939 839 pauperibus,
970 739 1095 811 clausis
1136 738 1287 813 ecclesie

228 856 365 954 januis,
382 856 420 926 in
433 852 598 954 quolibet
614 854 746 951 angulo
758 853 951 927 delituisse.
972 855 1135 954 Cumque
1150 852 1288 926 nullum

232 972 342 1044 alium
361 998 471 1072 quam
486 996 523 1043 se
539 970 656 1045 solum
674 971 766 1043 intra
781 971 931 1069 parietes
944 969 1099 1043 basilicae
1115 998 1191 1047 esse
1211 998 1289 1047 cer·

233 1103 353 1174 neret,
371 1088 501 1160 iterum
516 1087 606 1160 sead
619 1088 821 1161 orationem
837 1087 1036 1174 inclinarit,
1047 1114 1088 1159 uc
1101 1087 1288 1187 psalmum,

233 1231 339 1306 quem
366 1205 466 1303 prius
490 1203 738 1292 inchoaverat,
769 1205 960 1303 repetivit,
992 1203 1079 1292 sed,
1103 1219 1292 1305 antequam

235 1347 349 1395 uuum
357 1325 434 1419 ejus
444 1347 586 1394 versum
597 1320 777 1420 complere
788 1322 974 1420 potuisset,
985 1348 1085 1421 capsa
1095 1349 1183 1423 qua»
1193 1322 1291 1393 altari

238 1440 402 1539 imposita
418 1465 532 1511 sacras
547 1435 640 1513 beati
655 1438 854 1511 Marcellini
875 1438 1042 1538 reliquias
1057 1436 1291 1527 eontinebtt,

236 1556 427 1655 repentino
447 1554 588 1652 crepitu
607 1568 678 1625 tam
697 1552 925 1627 vehementer
942 1554 1125 1643 insonuit,
1141 1569 1185 1625 ut
1197 1555 1293 1654 qrnsi

239 1668 367 1744 malleo
378 1696 541 1770 percussa
550 1668 741 1743 dissiluisse
750 1684 951 1768 putaretur.
962 1669 1042 1746 Duo
1050 1696 1199 1771 quoque
1207 1670 1294 1745 ustis

238 1789 413 1875 basilicae,
428 1814 511 1889 quae
523 1791 598 1886 jam
616 1786 729 1860 clausa
748 1803 876 1876 erant,
892 1786 1113 1861 occidentale
1134 1786 1296 1863 videlicet

239 1922 345 2007 atque
357 1904 531 1991 australe,
547 1904 644 1977 velut
656 1904 776 2004 aliquo
788 1905 1067 2004 pulsanteatque
1077 1906 1294 2005 impellente,

238 2021 344 2095 simili
363 2021 472 2095 modo
490 2038 703 2094 sonuerunt.
1109 2028 1117 2044 ⁰

293 2375 354 2445 33.
374 2370 513 2465 Quibus
527 2375 719 2446 exterritus
734 2400 775 2445 ac
787 2373 1025 2473 stupefactus,
1038 2400 1122 2447 curn
1131 2374 1223 2475 quid
1235 2376 1299 2449 sibi

245 2488 423 2589 agendum
439 2505 529 2563 esset
543 2491 687 2589 penitus
704 2490 908 2591 ignoraret,
932 2492 1046 2591 surgit
1065 2489 1112 2564 ub
1128 2492 1233 2567 elteri
1242 2546 1253 2581 ,
1267 2510 1302 2567 et

248 2607 284 2677 in
302 2605 436 2679 lectum
454 2631 558 2678 suum
574 2632 610 2679 se
627 2606 819 2705 pavitando
833 2608 1002 2706 projecit;
1031 2603 1226 2708 subitoque
1243 2634 1303 2685 ιο-

247 2747 335 2820 pore
366 2720 569 2821 depressus,
605 2722 695 2795 vidit
727 2722 794 2794 sibi
823 2723 1016 2823 quemdam
1041 2726 1156 2825 ignoti
1187 2727 1304 2801 vultus

249 2840 367 2911 virum
393 2839 571 2926 assistere,
599 2840 718 2940 quise
747 2838 875 2912 talibus
902 2840 1021 2914 verbis
1044 2844 1303 2943 compellaret:

252 2987 270 3027 u
290 2959 435 3029 Certum
455 2981 500 3028 ne
512 2972 580 3043 est,
593 2958 658 3041 ait,
671 2956 897 3030 Einhartlum
912 2966 963 3031 sic
975 2958 1019 3031 ad
1036 2958 1206 3057 palatium
1220 2986 1308 3061 ptu-

250 3096 375 3169 perare
391 3069 502 3157 velle,
521 3086 561 3143 ut
577 3070 745 3171 reliquias
769 3073 881 3144 sancti
899 3072 1117 3163 Marcellini,
1136 3100 1227 3175 quus
1242 3074 1308 3151 lutc

251 3182 395 3269 detulit,
413 3185 515 3282 prius
533 3187 569 3258 in
587 3185 729 3275 locum,
743 3187 874 3287 dequo
888 3189 1037 3264 sublatae
1051 3190 1216 3281 fuerant,
1235 3218 1308 3267 uon

252 3298 423 3398 reponat?
430 3332 448 3369 a
457 3301 605 3375 -Cum
614 3303 673 3377 ille
685 3332 721 3377 se
730 3303 834 3403 hujus
842 3307 892 3378 rei
906 3307 1153 3405 ignarumesse
1163 3334 1309 3411 repun-

253 3416 373 3504 disset,
389 3459 438 3472 -
456 3418 621 3519 «Surge,
646 3419 788 3519 inquit,
805 3422 925 3521 primo
947 3424 1130 3515 diluculo,
1148 3427 1255 3527 eique
1268 3456 1311 3503 ex

253 3533 466 3607 auctoritate
475 3535 678 3636 Martyrum
687 3540 856 3639 praecipc,
867 3539 1173 3619 nehiucabiresel
1181 3544 1310 3621 alicubi

254 3676 400 3751 pergere
422 3671 634 3749 praesumat,
653 3671 844 3756 antequam
869 3656 1037 3757 reliquias
1051 3658 1128 3732 illus
1152 3660 1234 3737 loco
1248 3688 1312 3737 suu

254 3768 432 3843 restituat.
444 3799 462 3837 a
478 3769 756 3871 Expergelactus
767 3775 938 3865 surrexit,
948 3789 984 3847 et
1001 3773 1063 3849 ubi
1081 3803 1140 3851 me
1155 3780 1312 3876 primun

257 3884 450 3959 convenire
475 3886 615 3984 potuit,
639 3886 708 3960 lroc
723 3888 822 3989 quod
843 3888 910 3963 sibi
941 3890 1058 3965 suerat
1078 3893 1311 3991 imperatum.

256 3999 345 4075 mihi
364 4002 531 4076 intimare
553 4004 706 4076 curavit.
725 4006 793 4081 Sed
812 4034 927 4109 neque
943 4034 1010 4109 ego
1028 4012 1186 4110 seguiter
1199 4014 1239 4087 in
1255 4012 1315 4087 lut·

251 4119 349 4213 jusce
374 4119 471 4192 modi
496 4123 643 4221 negotio
657 4122 791 4222 aliquid
813 4124 990 4225 agendum
1006 4124 1226 4223 arbitratus,
1244 4130 1313 4207 ino
