3090 5302
442 491 499 546 100
759 480 952 540 Eutflsttm
976 477 1181 539 EPISTOLAE.

438 605 683 688 videturesse,
704 618 744 673 ut
761 603 892 674 itemm
907 599 958 671 illi
974 599 1129 689 homini,
1144 600 1172 669 si
1192 595 1285 671 iiber
1300 597 1417 671 factus
1429 598 1506 672 iste·

438 727 506 810 rit,
524 723 749 820 conjugetur,
770 745 878 820 quam
893 734 934 789 ut
951 715 997 789 ab
1012 714 1185 791 omnibus
1205 715 1420 815 repudietur
1437 718 1503 816 (a).

436 844 532 914 Bene
550 840 675 913 valete.

680 1073 696 1103 *
712 1070 792 1130 LVI.
817 1071 867 1129 ΑΙ)
890 1067 926 1128 R.
952 1066 1114 1129 AMICUM
1134 1066 1258 1127 SUUM.

484 1232 675 1304 Carissimo
702 1228 778 1303 filio
804 1230 849 1300 tt.
876 1223 1079 1300 Einhardus
1098 1242 1270 1302 aeternam
1290 1228 1329 1299 in
1349 1227 1505 1302 Domino

433 1349 596 1425 salutem.
609 1392 657 1403 —
670 1349 717 1438 ls,
735 1372 844 1448 quem
859 1344 903 1418 ad
920 1372 979 1419 me
991 1345 1117 1418 misisti
1131 1348 1201 1444 (2),
1217 1372 1240 1419 x
1251 1343 1507 1447 kalendassep-

434 1466 585 1542 tembris
605 1466 726 1554 venit,
751 1478 788 1539 et
811 1463 985 1564 quoniam
1005 1463 1050 1536 de
1072 1461 1142 1536 fide
1165 1462 1260 1536 ittius
1282 1461 1378 1536 nihil
1394 1465 1454 1562 (5)
1473 1480 1507 1536 te

431 1584 597 1661 dubitare
612 1583 805 1684 scripsisti,
824 1582 907 1681 [ego
921 1589 1001 1682 ipse
1018 1580 1205 1681 singula],
1220 1606 1304 1682 quae
1320 1577 1366 1654 ad
1380 1595 1417 1655 te
1428 1605 1507 1681 per·

431 1704 520 1778 ferri
534 1702 649 1792 volui,
664 1700 780 1775 eidem
800 1701 991 1774 comittere
1003 1696 1186 1799 dubita[oe
1197 1725 1273 1774 non
1290 1699 1416 1773 debui.
1433 1699 1505 1773 Po·

432 1820 520 1920 tius]
536 1820 635 1894 enim
654 1817 748 1892 fideti
767 1817 909 1892 homini
928 1843 1038 1918 quam
1061 1815 1198 1891 chartae
1215 1815 1440 1892 coedendum
1451 1820 1507 1917 ju·

429 1939 532 2023 dico,
559 1963 643 2010 nam
668 1936 804 2035 [denuo
825 1961 928 2007 nemo
953 1936 1069 2007 nescit
1099 1931 1384 2033 mem[bransm,
1415 1935 1444 2007 si
1472 1960 1505 2006 se

430 2053 562 2128 ferenti
580 2051 749 2137 eiabitur,
765 2077 874 2126 omne
887 2049 987 2152 quod
1000 2049 1167 2124 continet
1179 2051 1320 2149 s[tatim
1340 2053 1380 2124 in
1392 2049 1504 2125 lucem

424 2171 610 2274 proferre]
618 2229 630 2263 ,
659 2184 695 2242 at
718 2169 776 2268 (4)
802 2169 953 2241 nuntius
977 2167 1091 2241 fidelis
1121 2194 1190 2242 nec
1216 2182 1336 2243 tortus
1356 2169 1417 2268 (5)
1441 2165 1503 2240 sibi

431 2290 661 2366 commissum
681 2286 834 2388 pmd[it.
855 2296 911 2359 Ea
933 2289 1065 2386 igitur,
1083 2312 1168 2387 quoe
1184 2286 1290 2387 sitq,
1307 2286 1336 2359 si
1350 2287 1501 2373 adessa,

430 2404 550 2481 dioere
562 2404 678 2494 volui,
694 2403 779 2477 huic
791 2403 885 2477 fideli
900 2420 964 2478 tuo
975 2403 1204 2478 familiariter
1212 2401 1386 2498 [tradidi.
1399 2405 1504 2478 Hunc

432 2523 677 2626 enimfidum]
693 2523 732 2595 in
750 2520 922 2596 omnibus
935 2549 1008 2597 esse
1024 2523 1193 2623 cognovi,
1208 2523 1395 2623 praecipue
1408 2522 1503 2626 quod

432 2639 526 2717 nihil
544 2669 586 2717 ex
603 2642 679 2741 [iis,
702 2668 786 2742 qaoe
805 2641 861 2714 ad
875 2667 933 2714 me
944 2637 1181 2743 pefirenda]
1205 2640 1430 2740 injunxistis,
1447 2657 1503 2714 aut

432 2759 671 2835 dissimulavit
686 2773 749 2831 aut
764 2755 919 2831 distulit.
935 2756 1033 2857 Opto
1050 2773 1092 2831 ut
1107 2756 1200 2832 bene
1218 2758 1366 2857 [valeas
1383 2767 1422 2832 in
1440 2767 1502 2833 Do-

434 2879 562 2976 mino}

709 3352 724 3380 ³
739 3345 835 3410 LVII.
862 3350 910 3409 AD
932 3349 968 3409 N.
993 3348 1225 3412 EPISCOPUM.

484 3507 643 3580 Domino
653 3521 689 3580 et
700 3505 778 3581 fitio
792 3509 997 3584 venerando
1008 3538 1049 3582 ac
1058 3509 1243 3610 diligendo
1253 3509 1301 3584 N.
1306 3563 1319 3600 ,
1332 3511 1499 3611 deventi»

434 3629 568 3699 tissime
581 3624 766 3726 episcopO,
785 3624 1003 3700 Emtae-dus
1011 3627 1221 3728 peccam]
1238 3642 1395 3701 vestmm
1410 3651 1497 3701 sem·

469 3913 508 3986 (ι)
527 3908 597 3966 Cod-
612 3910 789 3983 conjugatur,
803 3931 830 3983 q.
846 3932 873 3965 u.
890 3930 917 3965 a.
932 3912 1071 3966 ominibus
1082 3912 1254 3983 repudiatur.

468 4005 508 4077 (π)
526 4000 597 4059 eod.
612 4000 761 4055 admisisti.

468 4091 507 4166 (3)
527 4089 598 4148 cod.
612 4089 705 4144 nitati!
714 4090 754 4155 sic
766 4100 794 4144 et
806 4088 887 4145 infra.

467 4184 509 4257 ‹s›
528 4179 598 4239 cod·
613 4179 661 4235 ad-

435 4296 438 4303 ·
469 4272 508 4345 (5)
527 4273 598 4328 cod.
614 4281 711 4325 tortur.
