3090 5302
241 401 303 461 360
463 399 645 459 HISTORIA
666 398 989 474 Tuausta'rtottts,
1010 418 1074 461 arc.

239 518 308 593 Sed
320 520 453 591 mirum
472 521 510 591 in
527 518 692 605 niodum,
710 519 798 592 duan
816 535 936 593 custos
951 516 1020 591 sibi
1039 516 1166 591 datum
1178 542 1296 591 acoen-

238 637 309 725 dit,
335 636 394 710 ille
415 637 533 737 quiin
554 663 665 708 manu
685 636 830 710 seminas
851 636 1041 725 remansit,
1061 634 1205 709 cunctis
1224 660 1296 709 cer·

238 750 407 826 uentibus
420 751 593 825 divinitus
609 779 776 826 accensus
791 767 859 825 est.

285 1105 345 1177 89.
365 1105 622 1178 Monasterium
639 1104 986 1191 sanctimonialium,
1001 1102 1095 1177 Eike
1106 1098 1300 1189 vocabulo,

235 1222 345 1293 situm
362 1246 468 1320 super
482 1221 619 1297 Mosam
637 1221 788 1295 lluvium
804 1239 870 1297 est.
895 1224 937 1295 ln
953 1246 1028 1323 quo
1045 1218 1212 1323 quedam
1228 1220 1302 1293 lleo

234 1352 387 1428 sacrata,
407 1338 555 1414 nomine
571 1339 708 1440 Saliga,
724 1355 805 1413 toto
818 1362 991 1439 corpore,
1007 1350 1160 1437 excepto
1175 1335 1303 1410 dextro

234 1453 403 1547 brachio,
421 1456 504 1530 diro
520 1457 691 1558 paralysis
707 1455 840 1531 morbo
855 1454 1028 1529 dissoluta
1040 1452 1197 1555 jacebat.
1212 1452 1303 1527 lluic

232 1598 298 1672 per
315 1574 473 1673 quietem
492 1574 638 1675 quidam
663 1602 707 1649 ex
728 1575 857 1649 vicinis
880 1574 953 1647 suis
975 1573 1151 1662 astitisse,
1179 1597 1221 1645 ac
1242 1568 1302 1644 tali

232 1718 398 1769 sermone
411 1720 489 1767 eam
502 1693 732 1794 compellasse
748 1694 843 1767 visus
855 1706 922 1782 est,
938 1707 981 1765 ut
991 1691 1130 1765 diceret
1144 1720 1155 1763 a
1170 1720 1191 1759 a
1207 1688 1302 1785 Quid

232 1805 360 1907 agisis
393 1809 562 1882 Caicum
580 1809 661 1903 illa,
682 1835 757 1884 non
775 1808 872 1882 aliud
889 1832 998 1910 quam
1013 1834 1052 1882 se
1067 1806 1106 1881 in
1124 1804 1223 1881 lecto
1237 1830 1302 1880 suo

232 1925 431 2025 quiescere,
458 1926 720 2027 respondisset,
744 1926 987 2015 «Audistine,
1006 1923 1148 2027 inquit,
1166 1920 1303 2024 aliquid

233 2040 278 2114 de
302 2041 463 2130 Sanctis,
488 2044 551 2143 qui
581 2043 618 2115 in
645 2044 813 2142 Trajecto
835 2042 880 2115 ad
901 2042 940 2116 S.
967 2040 1173 2115 servatium
1194 2062 1302 2113 vene-

232 2152 372 2227 runtla
387 2157 454 2229 Cui
477 2183 560 2230 cum
581 2157 673 2230 nihil
690 2157 735 2231 de
754 2156 808 2230 his
826 2183 863 2231 se
878 2156 1018 2231 audisse
1039 2152 1300 2256 respondisset,

235 2271 391 2370 «Surge,
411 2272 473 2363 ait,
493 2272 679 2363 velociter,
698 2288 806 2375 atque
821 2273 908 2346 illuc
924 2288 1166 2373 properanter
1178 2270 1303 2345 venire

233 2389 433 2479 contende3
456 2416 541 2462 narn
560 2389 611 2463 ibi
635 2416 671 2464 es
692 2391 857 2465 omnium
875 2387 1128 2464 membrorum
1154 2402 1302 2463 tuorum

233 2521 421 2605 receptura
440 2507 641 2581 sanitatem.
663 2537 682 2576 a
701 2507 769 2582 Sed
788 2533 871 2581 cum
886 2506 1132 2609 expergelacta
1151 2504 1247 2579 nihil
1260 2502 1303 2579 de

234 2620 289 2696 his
306 2622 422 2697 sacere
444 2640 613 2715 curasset,
636 2625 767 2699 iterum
784 2624 947 2726 sequenti
968 2637 1078 2698 nocte
1091 2619 1140 2697 ab
1159 2620 1301 2709 eodem

235 2739 342 2813 simili
356 2740 485 2830 modo,
502 2757 556 2816 est
566 2743 750 2816 admonita
767 2759 807 2816 ut
820 2744 1027 2842 Trajectum
1038 2756 1222 2841 pergeret.
1241 2738 1302 2813 llla

236 2873 375 2948 tamen,
397 2874 440 2931 ut
456 2861 575 2960 prius,
592 2876 710 2961 spreta
726 2861 910 2935 monentis
927 2886 1035 2950 voce,
1052 2884 1130 2963 quo
1151 2854 1304 2961 jubeba-

235 2992 298 3048 tur
312 2976 452 3049 distulit
469 2976 658 3078 proficisci.
674 2978 797 3051 Tertia
810 3002 897 3051 vero
911 2990 1019 3053 nocte
1031 2974 1123 3051 vidit
1135 2974 1303 3051 eumdem

237 3092 305 3165 sibi
324 3109 456 3184 astare,
474 3110 510 3169 et
523 3121 607 3168 cum
622 3094 776 3196 quadam
788 3095 993 3185 severitate,
1008 3119 1076 3168 cur
1087 3094 1232 3169 monita
1243 3118 1301 3167 sua

238 3212 529 3311 contempsisset,
560 3213 805 3313 interrogare,
830 3211 1054 3313 baculoque,
1079 3236 1192 3314 quem
1218 3225 1303 3285 tunt

237 3354 349 3401 manu
367 3343 489 3402 tenere
501 3326 702 3417 videbatur,
717 3328 809 3401 latus
825 3332 899 3428 ejus
915 3342 1124 3429 percutere,
1138 3341 1252 3429 atque
1263 3340 1304 3399 ut

240 3446 446 3545 Trajcctum
463 3446 635 3520 velociter
654 3463 837 3546 pergeret,
856 3448 1045 3547 imperare.
1062 3444 1140 3521 Neo
1156 3444 1219 3517 illa
1229 3448 1304 3545 jam

240 3590 321 3637 ausa
339 3566 446 3637 trinae
461 3565 608 3638 visionis
625 3566 829 3639 auctoritati
854 3566 1040 3654 resistere,
1059 3564 1184 3637 accitis
1206 3562 1252 3637 ad
1268 3588 1305 3637 se

240 3682 455 3783 propinquis
474 3696 512 3755 et
520 3682 656 3769 amicis,
672 3682 891 3781 Trajectum,
909 3697 951 3755 ut
970 3678 1038 3754 sibi
1048 3682 1192 3782 jussum
1213 3694 1303 3767 erat,

239 3800 450 3889 deducitur,
484 3815 520 3874 et
551 3801 589 3872 in
620 3798 762 3873 basilica
792 3800 835 3873 Β.
870 3800 1020 3875 Servatii
1049 3802 1155 3899 juxta
1187 3822 1306 3873 sacros

240 3925 439 4016 Martyrum
462 3918 598 3992 cineres
626 3917 836 3992 collocatur.
859 3918 1024 4019 Cumque
1045 3916 1096 3991 ibi
1117 3916 1307 4017 promissas

240 4036 400 4108 sanitatis
424 4034 693 4136 praestolaretur
712 4052 904 4124 eventurn,
928 4035 1060 4136 quinto
1078 4030 1230 4107 domm
1247 4028 1307 4107 die

241 4167 429 4254 postquam
447 4153 532 4227 illuc
549 4169 712 4241 verterat,
727 4179 812 4226 cum
828 4178 955 4254 magua
971 4150 1139 4226 omnium
1150 4150 1306 4227 admira-
