3090 5302
248 485 307 545 328
467 487 651 552 ltlsronln
672 491 993 565 nonsummum,
1014 512 1078 554 nnc.

667 755 792 816 csPUT
814 756 883 817 Vll.

245 972 388 1034 Miracula
407 974 582 1037 valencenis
608 978 638 1033 in
667 975 823 1037 Baunonia
847 989 958 1057 patrata
982 974 1021 1035 nd
1040 974 1180 1057 reliquias
1205 974 1299 1037 nomn

351 1074 529 1136 Sanctorum.
547 1074 620 1136 caeei
634 1074 731 1137 decenn
745 1078 920 1153 illuminati,
938 1076 989 1138 alii
1004 1078 1072 1160 egri
1087 1079 1194 1139 ssnsti.

290 1303 350 1378 68.
370 1304 455 1377 llaec
466 1304 511 1377 de
527 1303 708 1377 miraculis
723 1302 912 1378 beatorum
924 1303 1153 1404 Martyrum,
1168 1324 1251 1403 qne
1264 1302 1299 1375 in

243 1417 375 1517 palatio
396 1434 492 1520 gesta
509 1434 612 1508 sunt,
633 1419 854 1518 inpraesenti
880 1444 990 1520 opere
1009 1442 1301 1493 comme-orasse

242 1536 402 1609 sufficiat.
422 1538 528 1609 Nunc
544 1535 589 1609 nd
604 1562 661 1611 eas
677 1536 827 1611 virtutes
842 1534 1060 1609 veniendum
1075 1549 1150 1624 est,
1167 1560 1250 1635 qnae
1264 1534 1299 1607 in

241 1652 328 1727 locis
342 1650 446 1725 factae
461 1666 564 1742 sunt,
580 1651 623 1724 ad
635 1679 717 1753 quee
726 1705 738 1740 ,
757 1651 930 1752 religiosis
944 1652 1030 1724 viris
1046 1650 1253 1751 petentibus
1262 1676 1300 1723 ac

240 1794 298 1842 me
319 1769 511 1870 largiente,
528 1770 738 1843 venerandae
758 1767 967 1843 eorumdem
988 1768 1198 1871 Martyrum
1218 1768 1301 1841 reli·

242 1884 338 1986 quine
354 1886 412 1985 (a)
431 1902 627 1975 venerunt,
644 1901 679 1960 et
697 1887 732 1959 in
747 1885 879 1987 quibus
892 1886 1062 1961 hactenns
1076 1912 1163 1959 cnm
1178 1910 1299 1987 magns

238 2002 438 2075 reverentia
457 2001 641 2075 coluntur.
669 2002 764 2094 Quas
781 2002 918 2102 primus
936 2001 1103 2077 omniurn
1123 1999 1299 2103 Georgius

239 2117 429 2218 presbyter
459 2133 496 2192 ct
520 2133 641 2192 rector
666 2118 872 2194 monasterii
906 2119 945 2191 S.
973 2116 1081 2191 Salvii
1110 2118 1298 2219 martyris,

240 2229 338 2331 quod
351 2234 388 2303 in
401 2258 491 2333 pago
503 2234 792 2321 Fanomartensi,
808 2233 847 2306 in
860 2231 1171 2309 vicoValentianis
1181 2230 1300 2333 appel-

241 2347 334 2440 lato,
353 2349 391 2421 in
409 2349 486 2449 ripa
504 2348 637 2422 Scaldis
654 2348 754 2421 lluvii
771 2350 881 2423 situm
898 2364 951 2424 est
958 2402 972 2439 ,
989 2376 1048 2425 me
1063 2348 1176 2425 dante
1191 2374 1300 2425 susoe·

236 2466 309 2563 pit,
325 2480 361 2539 et
374 2464 636 2565 perquemdam
646 2464 840 2541 diaconum
848 2466 893 2539 ad
906 2479 1148 2541 memoratum
1160 2490 1297 2541 monas·

238 2582 371 2655 terium
385 2580 429 2655 dc
441 2581 600 2681 Aquensi
615 2581 748 2682 palatio
760 2582 965 2657 destinavit.
981 2583 1145 2655 bunum
1161 2596 1298 2655 ιιιιῑιιιιι

237 2699 405 2772 comitem
423 2724 543 2772 secum
558 2697 692 2773 habens
700 2752 711 2788 ,
730 2726 813 2772 cum
830 2699 868 2770 in
884 2724 975 2800 pago
991 2696 1178 2773 llashsnio
1192 2700 1238 2773 sd
1251 2698 1298 2771 vi·

237 2841 320 2887 cum
335 2816 495 2915 regium,
505 2814 831 2917 quemVuasidium
843 2828 992 2903 vocant,
1002 2814 1181 2905 venisset,
1196 2830 1297 2917 atquc

171 3028 176 3035 Ι
235 2931 272 3003 in
292 2946 419 3031 prato,
443 2933 542 3033 quod
565 2933 643 3006 vico
665 2931 872 3033 proximum
899 2946 996 3026 erat,
1019 2932 1296 3008 reficiendorum

231 3052 481 3146 jumentorum
498 3050 609 3148 gratia
627 3048 885 3140 descendisset,
904 3074 986 3123 ecce
999 3072 1094 3123 unus
1106 3047 1153 3123 de
1166 3046 1295 3123 habits·

237 3163 377 3238 toribus
391 3164 461 3239 loci
474 3162 586 3265 gibbo
599 3164 801 3265 depressus,
816 3165 969 3239 maxillis
982 3166 1111 3257 etiam,
1126 3194 1174 3243 ex
1186 3164 1295 3242 nimio

236 3276 401 3351 dentium
417 3278 555 3369 dolore,
575 3307 697 3381 quem,
718 3299 759 3353 ut
774 3281 847 3382 ipse
861 3279 1015 3370 dicebat,
1031 3278 1220 3355 diutinum
1233 3306 1293 3381 ps-

236 3394 405 3485 tiebatur,
424 3397 537 3472 nimio
556 3412 697 3471 tumore
713 3400 876 3473 distentis
884 3400 901 3489 ,⁸
916 3398 1057 3472 furcam
1072 3396 1245 3473 lemtarn
1258 3398 1292 3471 in

233 3510 329 3585 collo
345 3510 484 3599 ferens,
502 3512 595 3586 idem
609 3531 754 3612 pratum
763 3512 981 3587 furibundus
995 3514 1170 3605 intravit,
1186 3530 1223 3591 et
1233 3538 1294 3589 cnr

231 3643 376 3725 pratum
391 3654 496 3699 suum
509 3628 795 3728 depascerentur,
812 3630 1068 3706 stomachando
1081 3646 1292 3731 peronneto-

232 3760 308 3819 tur.
324 3746 390 3818 Cui
405 3746 593 3834 diaconus,
608 3750 670 3849 qui
688 3748 853 3850 reliquias
867 3750 1072 3850 Martyrum
1085 3748 1245 3839 serebat,
1258 3766 1292 3825 et

232 3889 287 3936 eas
306 3879 393 3936 tunc
411 3865 446 3935 in
465 3866 671 3937 summitate
685 3867 793 3963 virgae
804 3918 815 3953 ,
831 3892 937 3965 quam
954 3863 1004 3939 ob
1020 3862 1091 3940 hoc
1112 3867 1151 3941 in
1171 3864 1289 3943 eodem

266 4061 306 4130 (a)
319 4058 403 4131 Quod
414 4060 528 4133 quidem
540 4080 596 4115 non
609 4060 644 4115 dc
653 4062 770 4136 integris
781 4072 934 4135 martyrum
945 4060 1072 4137 reliqniis
1082 4064 1289 4141 intelligendu

233 4161 288 4217 est,
309 4149 358 4205 sed
371 4150 406 4205 dc
422 4151 601 4223 pignoribus,
620 4151 650 4206 id
666 4162 707 4207 est
724 4151 760 4207 dn
775 4153 918 4227 particulis
933 4152 1113 4225 earumdem,
1129 4154 1287 4233 quit-sd·

233 4239 353 4299 ecclesiis
367 4240 400 4295 ab
414 4240 555 4296 Einhardo
567 4242 709 4309 concessis,
723 4253 755 4299 nt
767 4242 860 4301 videre
869 4254 912 4301 est
924 4253 982 4299 not.
994 4240 1040 4301 66.
