3166 5280
262 381 323 443 400
543 372 762 437 ltfltttltttts
781 372 834 435 ΒΕ
854 372 1035 437 PhSSIssllE

260 513 312 595 Si,
330 535 401 603 quie
416 508 520 577 verbis
538 507 731 600 promisisti,
747 505 840 575 lactis
854 506 1100 599 adimpleveris,

259 629 395 718 Meque,
411 627 551 692 humana
565 625 632 690 sine
645 646 706 715 ope
722 637 818 714 atque
834 620 1063 703 amminiculo,

258 742 322 810 Isto
340 756 421 809 tetro
437 745 485 829 (r)
501 763 566 832 quo
583 738 735 806 includor
748 736 920 807 liberatum
937 760 1085 821 carcere,

258 860 381 926 Domus
397 873 459 925 ture
474 857 573 923 limen
590 853 671 947 pede
687 868 867 946 penetrasse
883 854 1025 921 videris:

257 975 298 1041 Et
311 998 377 1040 non
390 988 515 1040 tantum
532 969 766 1061 contemplatu,
783 969 837 1037 sed
853 968 1034 1061 palmarum
1046 968 1204 1054 tactibus,

256 1080 461 1181 Explorando
479 1086 703 1179 comprobabis
720 1088 824 1177 ipsum
842 1084 902 1153 tibi
915 1086 1060 1153 assistere
1075 1086 1145 1177 (a),

260 1204 369 1295 Quem
384 1202 543 1271 inclusum
559 1202 709 1268 dimisisti
721 1200 889 1271 tenebroso
902 1204 936 1267 iu
952 1224 1095 1269 carcere.
1112 1228 1130 1265 n

258 1358 304 1372 -
320 1319 372 1387 Ad
385 1320 452 1387 haec
470 1319 568 1386 verba
584 1318 698 1385 crebro
715 1333 812 1410 caput
829 1318 955 1408 agitans
971 1316 1180 1399 bahomius,

256 1436 298 1501 Et
314 1458 380 1501 non
395 1432 529 1501 credens
546 1435 651 1500 Deum
669 1457 761 1525 posse
775 1448 863 1501 tauta
878 1432 1102 1515 benefacere,

258 1547 333 1615 Tali
347 1549 444 1616 Petro
461 1572 552 1615 servo
564 1547 686 1617 Christi
702 1548 873 1639 respondet
887 1548 1040 1617 affamine
1054 1576 1063 1616 t

261 1690 277 1727 e
295 1664 420 1746 Homo,
435 1664 557 1754 iuquit,
574 1678 681 1732 mente
693 1678 823 1755 captus,
840 1662 945 1731 aliena
958 1662 1120 1755 loqueris,

257 1780 358 1870 Quod
376 1804 415 1847 ex
428 1779 537 1847 multis
552 1778 704 1847 accidisse
719 1802 794 1846 reor
809 1780 1027 1870 passionibus,

256 1894 348 1986 Quas
364 1909 399 1962 tn
412 1894 468 1961 diu
481 1910 613 1986 propter
630 1909 746 1962 sectam
762 1895 969 1963 christianam
982 1898 1120 1965 sustines
1131 1898 1193 1985 (3).
1202 1924 1221 1961 s

302 2018 334 2079 l.
358 2012 521 2094 Indixit,
539 2026 571 2079 et
585 2012 737 2094 abcessit,
755 2036 851 2104 seque
866 2012 998 2081 domum
1010 2012 1168 2097 eontulit,

256 2127 463 2219 Conjugique
479 2142 596 2195 cuncta
611 2151 693 2208 suas,
712 2140 927 2217 cognomento
944 2126 1118 2211 Candidas,

256 2242 357 2309 Valde
373 2259 504 2336 stupens
519 2258 615 2334 atque
626 2243 746 2309 mirans
761 2241 847 2311 dicta
861 2243 949 2310 Petri
962 2242 1072 2310 retulit
1082 2242 1146 2331 (4).

256 2360 318 2427 Cui
331 2361 451 2450 conjux
467 2359 628 2427 dubitanti
641 2359 737 2427 corde
752 2358 839 2428 latur
855 2359 1008 2441 credulo,

256 2475 297 2543 Se
311 2476 422 2541 mirari
435 2475 525 2567 quod
540 2476 687 2542 insenum
701 2473 851 2544 voluisset
864 2475 990 2556 dicere,

256 2591 364 2682 Quem
380 2591 518 2659 audisset
532 2594 714 2683 sospitatem
732 2590 806 2658 filias
817 2594 864 2679 (5)
879 2592 1086 2683 promittere,

254 2706 320 2772 Noc
337 2707 399 2773 hoc
414 2705 472 2773 diu
488 2706 702 2774 differendum
718 2729 783 2774 esse
796 2706 885 2798 quod
899 2708 1106 2798 promiserat,

255 2820 317 2887 Sod
338 2824 482 2912 praesenti
496 2846 528 2889 se
538 2821 700 2889 facturum
713 2822 867 2890 fateretur
881 2835 1041 2913 tempore,

253 2936 294 3005 Et
307 2938 395 3028 quod
411 2937 491 3006 dixit
504 2963 542 3005 ac
557 2938 746 3030 spopondit,
762 2937 860 3005 hodie
875 2938 1061 3005 clarescere.

252 3048 311 3117 Ille
325 3075 401 3118 roro
417 3066 529 3119 contra
546 3054 667 3135 nitens,
683 3076 815 3121 uxorem
830 3055 1018 3145 increpitat,

253 3166 321 3231 Cur
335 3166 385 3232 lris
399 3167 503 3235 verbis
518 3166 616 3234 fidem
631 3167 740 3249 daret,
755 3184 787 3236 ct
800 3168 939 3261 appellat
949 3167 1092 3245 fatuam,

253 3280 340 3371 Quia
354 3282 517 3349 Christum
534 3285 638 3351 Deum
653 3284 740 3350 Petri
755 3300 819 3352 tam
833 3300 994 3377 potentem
1011 3284 1169 3353 crederet.

250 3436 297 3448 —
312 3424 329 3461 e
347 3399 419 3464 h'on
436 3413 502 3481 est,
519 3400 581 3481 ait,
600 3424 718 3467 numen
738 3400 859 3484 ullum,
877 3401 933 3469 sed
951 3424 1011 3469 nee
1027 3404 1095 3495 ipsc
1106 3402 1247 3495 tupiter,

285 3671 324 3743 (r)
341 3670 411 3726 Cod.
425 3679 512 3726 taetro
522 3682 551 3727 et
562 3672 601 3728 sic
613 3672 751 3748 deinceps.

283 3768 322 3835 (a)
338 3764 408 3821 Cod.
422 3765 564 3821 adsistere.

283 3859 323 3931 (3)
339 3860 409 3917 cod.
422 3864 571 3918 sustinens.

282 3958 322 4027 (4)
338 3956 408 4013 cod.
424 3959 537 4013 rettulit.

281 4052 321 4122 (5)
337 4052 383 4106 Sic
399 4052 522 4107 bolland.
534 4054 625 4111 (lodex
641 4056 771 4111 bletenda
782 4056 837 4110 sibi
850 4074 939 4117 ›ruam-
958 4072 1041 4129 quam
1057 4052 1208 4111 beticum
1223 4052 1297 4131 apud

249 4148 360 4203 Surium
376 4151 504 4221 reperies.
