3166 5280
254 426 314 485 490
583 419 773 481 munuum
799 420 975 485 tntum.

252 546 384 619 tissima
404 537 610 627 concordat,
626 555 667 611 ut
683 566 945 640 quemcumque
961 566 1078 616 sacros
1090 543 1136 616 ad
1151 544 1302 631 ordines,

250 692 295 739 ex
321 659 454 733 familia
486 658 648 756 propria,
680 659 965 755 promovendum
990 660 1135 735 ecclesia
1158 690 1305 765 quaeque

250 776 439 876 delmerit,
461 772 556 845 hunc
570 774 605 844 in
619 774 806 871 praesentia
822 774 1057 863 sacerdotum,
1079 795 1305 855 ceterorum·

251 918 321 993 que
342 890 556 964 clericorum
573 889 742 962 canonice
756 888 984 987 degentium,
1001 892 1182 993 simulque
1193 910 1230 967 et
1241 920 1306 969 no·

251 1010 378 1081 bilium
393 1007 583 1089 laicorum,
606 1005 655 1094 is,
673 1006 756 1104 qui,
782 1020 869 1077 tunc
887 1008 1058 1105 temporis
1076 1008 1234 1107 ejusdem
1248 1036 1305 1085 oe.

252 1126 366 1199 ciesiae
393 1138 513 1196 rector
544 1120 674 1205 snserit,
700 1122 978 1195 manumissione
1002 1123 1154 1199 solemni
1182 1130 1306 1229 ajugo

251 1240 430 1315 servitutis
442 1234 601 1309 absolvat
610 1289 621 1323 ,
641 1238 785 1334 ejusque
802 1234 1002 1311 libertatem
1017 1239 1137 1317 datam
1155 1240 1207 1313 ilii
1219 1294 1231 1329 ,
1244 1268 1305 1317 oo-

252 1384 328 1431 ram
353 1353 523 1440 testibus,
551 1353 779 1451 ingenuitatis
796 1350 915 1425 charta
942 1354 1148 1429 confirmet.
1170 1356 1305 1433 ldciroo

251 1499 316 1575 ego
335 1474 372 1545 in
389 1471 453 1544 Dei
468 1469 614 1543 nomine
631 1467 946 1541 Einlrardusabbas
959 1470 1172 1545 venerahilis
1183 1498 1305 1549 mona-

251 1590 348 1663 sterii
365 1587 486 1659 Sancti
503 1586 654 1659 Servacii
673 1585 885 1659 confessoris
901 1588 1055 1677 Christi,
1075 1589 1174 1664 hunc
1190 1592 1305 1665 samu·

251 1708 326 1779 ium
339 1704 494 1779 ecclesiae
507 1719 641 1775 nostrus
649 1757 660 1793 ,
674 1703 822 1776 nomine
833 1704 1103 1805 Meginfridum,
1116 1706 1304 1781 adsacrum

250 1819 415 1894 ordinem
442 1817 488 1890 ab
514 1818 749 1890 unanimitate
784 1820 992 1893 renerundae
1021 1824 1306 1923 congregationis

251 1954 384 2010 nostrae
398 1936 627 2009 concorditer
638 1934 813 2021 eiectum,
828 1936 871 2009 ud
882 1937 1003 2009 altaris
1017 1964 1148 2027 cornu,
1164 1940 1206 2013 iu
1217 1966 1306 2041 prae·

249 2056 361 2128 sentia
390 2052 612 2126 sacerdotum
637 2067 673 2123 et
695 2050 872 2126 nobilium
896 2056 1079 2145 virorum,
1109 2082 1177 2155 per
1202 2056 1307 2131 eecle-

250 2171 379 2243 siastici
404 2185 511 2268 atque
537 2169 727 2265 imperialis
749 2171 902 2259 decreti,
920 2174 1013 2246 sicut
1033 2180 1199 2273 superius
1221 2202 1307 2249 oon-

251 2288 424 2385 scriptum
442 2301 515 2372 est,
540 2285 808 2371 auctoritatem,
829 2288 940 2360 civem
956 2314 1148 2361 romanum
1165 2306 1305 2379 statuo,

251 2419 287 2477 et
301 2428 365 2501 per
378 2401 482 2499 hujus
497 2400 634 2499 paginae
643 2454 653 2487 ,
669 2427 750 2499 quae
766 2400 814 2475 ob
830 2402 1113 2478 confirmandam
1127 2410 1206 2505 ejus
1217 2408 1309 2509 iuge·

250 2520 459 2592 nuitatemu
480 2543 538 2589 me
552 2517 751 2615 conscripta
765 2534 836 2606 est,
860 2520 1109 2609 traditionem,
1127 2548 1147 2593 a
1164 2524 1308 2599 viuculo

250 2635 429 2708 servitutis
448 2633 593 2706 absolvo
609 2663 617 2703 ε
634 2635 682 2705 itn
701 2650 741 2705 ut
753 2634 797 2706 ab
815 2635 991 2711 hodierno
1006 2638 1133 2713 dievel
1147 2654 1308 2741 tempore

250 2753 342 2827 hene
365 2754 538 2851 ingenuus
548 2806 558 2839 ,
584 2766 689 2851 atque
706 2752 751 2824 ab
768 2756 868 2826 omni
886 2756 1067 2829 servitutis
1084 2758 1236 2834 vinculo
1256 2786 1309 2835 se-

250 2898 355 2943 curus
373 2888 593 2970 permanent,
623 2887 792 2971 tanquam
808 2874 834 2943 si
854 2871 898 2945 ab
918 2874 1082 2975 ingenuis
1099 2874 1230 2951 fuisset
1244 2904 1309 2977 pa·

251 2986 414 3060 rentibus
435 3001 641 3084 procreatus
675 2987 731 3060 rel
753 3005 871 3060 natus.
896 2990 986 3061 Eam
1004 2987 1164 3090 denique
1189 3008 1308 3093 pergat

252 3232 300 3268 son
322 3213 511 3285 Alphubetum
532 3217 710 3282 tirom'uuum,
734 3236 761 3288 p.
786 3216 821 3292 76
839 3228 868 3273 et
882 3236 926 3293 77,
946 3220 1036 3275 chart.
1057 3238 1138 3278 ιινιι.
1159 3224 1221 3279 Eue
1240 3230 1308 3281 ae'te'

251 3308 427 3380 rdimprimde
439 3308 534 3381 pari).
549 3310 688 3383 Bouquet,
702 3311 832 3387 t⁷1,657.
847 3312 919 3369 Rieu
932 3334 968 3371 no
978 3318 1162 3375 sauraitsaine
1175 3332 1309 3397 suspector

251 3406 454 3461 l‘nutheuticitd
473 3406 508 3463 de
529 3418 572 3462 cet
591 3419 664 3475 acte,
685 3411 733 3485 qui
754 3422 797 3466 est
812 3430 847 3466 en
865 3422 928 3469 tout
946 3414 1089 3471 oonforme
1108 3436 1165 3473 aux
1182 3420 1309 3475 sormunt

253 3505 353 3559 usitees
367 3502 405 3557 dn
418 3514 506 3577 temps
521 3493 691 3579 d’ilgiuhard
704 3526 775 3581 pour
786 3508 825 3564 los
837 3521 910 3566 actes
921 3510 1217 3573 d’affranchnsemene
1226 3518 1307 3591 (Ἴος.

253 3602 277 3655 la
292 3612 357 3656 note
370 3600 406 3654 du
417 3602 591 3673 Carpentier,
606 3622 634 3674 p.
652 3607 715 3669 rot,
729 3615 757 3659 et
771 3606 901 3679 Ducange
914 3626 950 3663 an
966 3620 1026 3663 mot
1037 3610 1253 3685 Marrumr'ssr'o.)
1263 3614 1285 3671 ΙΙ
1293 3634 1309 3687 ,ι

253 3720 268 3753 a
282 3697 435 3771 retundant
451 3716 506 3753 une
525 3716 622 3754 orrum·
641 3700 709 3754 dans
727 3702 752 3755 ia
770 3702 847 3769 date,
863 3722 911 3758 car
928 3704 954 3759 ia
966 3714 1008 3759 vr·
1019 3710 1108 3761 anude
1120 3708 1161 3763 du
1180 3710 1267 3785 regite
1279 3710 1310 3765 de

254 3792 578 3859 {ouis-leDebounairu,
593 3796 642 3869 qui
656 3796 750 3851 tombe
762 3816 798 3853 eu
811 3797 864 3853 l'an
881 3798 949 3874 819,
967 3812 1102 3857 eouoourt
1118 3822 1186 3861 avec
1204 3804 1232 3861 h
1246 3806 1310 3863 dou·

253 3892 339 3945 nidmu
355 3900 384 3943 et
402 3906 458 3943 nou
471 3907 518 3962 pas
536 3889 561 3944 la
578 3893 764 3964 qtratorzidme
781 3896 868 3947 eunde
881 3892 917 3949 de
933 3894 1105 3965 i'iudiction,
1122 3898 1144 3953 ii
1164 3898 1230 3957 seut
1245 3900 1310 3957 (bnt

253 3983 313 4047 iire,
326 3984 395 4047 soit,
414 4003 488 4039 anuo
501 3988 608 4055 imperii
619 4005 659 4053 vr,
673 3986 769 4041 indict.
782 4006 838 4055 ιιι,
855 3990 919 4055 soit,
933 3996 1129 4065 unuor'mpen‘i
1140 4014 1207 4066 sin,
1220 3996 1309 4055 ufir.

254 4096 312 4130 uun
324 4100 331 4137 ;
350 4080 417 4131 mais
431 4079 493 4131 c'est
508 4080 533 4133 ln
545 4100 601 4136 une
613 4102 710 4138 erreur
722 4084 806 4157 qu’on
818 4096 886 4157 pottt
898 4084 1054 4145 faeiiemeut
1063 4090 1210 4151 attribuer
1228 4098 1245 4151 δ
1261 4112 1311 4150 ue

252 4174 327 4227 faute
341 4172 376 4225 de
389 4174 500 4245 copiste.
