3166 5280
248 440 289 498 to
564 434 766 496 utunaunt
789 431 995 495 tetstotlss.

250 582 328 632 nou
343 556 478 644 defuit,
497 580 571 630 -uec
587 555 704 629 adhuc
719 555 866 657 quidem
886 553 1005 643 deest,
1024 579 1109 655 quae
1126 580 1185 629 me
1205 570 1324 629 tacere

250 699 326 747 non
357 671 564 771 permittit;
592 672 682 772 quin
707 671 829 770 potius
853 670 951 771 cogit
977 686 1020 742 ut
1046 694 1110 744 voa
1134 668 1182 744 de
1205 684 1324 744 vestm

252 791 378 891 [salute
400 816 651 866 commoneam
668 805 705 863 et
725 791 763 863 in
786 789 919 892 quibus
939 788 1144 889 periculum
1165 802 1325 864 vestrum

250 932 376 982 cavere
391 905 548 981 debeatis
563 905 724 982 breviter
738 909 910 1006 aperiam.
928 906 1134 981 Pervenisse
1146 905 1191 980 ad
1203 905 1327 1006 parvi·

252 1023 335 1096 tatis
350 1047 441 1097 meaa
461 1023 630 1098 notitiam
653 1021 867 1123 magnitudo
885 1021 1019 1122 vestra]
1035 1022 1093 1121 (t)
1111 1035 1325 1123 cognoscat,

249 1136 359 1238 quod.
368 1137 516 1239 quidam
533 1137 717 1227 homines,
736 1164 796 1210 sua
818 1139 942 1237 potius
961 1162 1069 1238 quam
1085 1150 1202 1213 vestra
1218 1160 1328 1211 com-

251 1254 361 1333 moda
374 1272 600 1357 quaerentes,
615 1255 927 1330 mansuetudinem
941 1270 1096 1329 restrum
1109 1251 1327 1339 sollicitent,

252 1371 429 1475 vobisque
444 1375 658 1475 persuadere
675 1389 857 1449 conentur
873 1389 935 1463 ut,
954 1373 1158 1474 postposito
1174 1387 1331 1473 patmno

253 1490 428 1581 consilio,
445 1508 493 1566 -et
515 1490 721 1565 obedientia
742 1495 796 1589 (a)
821 1489 941 1566 debita
967 1490 1155 1579 derelicta,
1181 1490 1328 1579 locum,

255 1607 359 1684 vohis
386 1608 430 1681 ad
459 1607 657 1709 regendum
682 1626 791 1710 atque
818 1608 1095 1685 custodiendum
1123 1634 1143 1681 a
1167 1607 1332 1709 piissimo

254 1728 420 1828 genitore
438 1744 558 1802 vestro
577 1728 827 1817 commissum,
846 1727 1059 1816 dimittatis,
1084 1742 1121 1800 et
1139 1723 1184 1798 ad
1201 1725 1329 1815 illum,

251 1846 336 1944 ipso
349 1846 485 1934 inrito,
500 1862 536 1918 et
551 1872 669 1947 neque
683 1845 826 1921 volente
842 1871 961 1946 neque
969 1842 1142 1945 jubente,
1159 1843 1331 1934 veniatis,

256 1977 293 2037 et
313 1961 410 2062 apud
426 1988 508 2038 eum
519 2015 530 2051 ‚
549 1964 714 2064 quamvis
732 1962 784 2035 illi
803 1988 879 2037 nou
898 1961 1060 2062 placeat,
1078 1961 1332 2061 permaneatis.

259 2077 342 2169 Quo
357 2077 447 2177 quid
459 2078 659 2177 perversius
675 2080 731 2151 vel
744 2079 968 2153 indecentius
978 2080 1036 2177 (ὃ)
1051 2077 1248 2177 excogitari
1261 2100 1336 2177 po-

259 2195 353 2270 test!
381 2195 510 2271 Videte
525 2196 641 2299 qualis
664 2198 731 2285 sit,
757 2211 794 2269 et
815 2211 994 2298 quantum
1015 2195 1101 2268 mali
1121 2192 1251 2268 habeat
1269 2194 1335 2266 tau

257 2314 454 2411 persuasio.
471 2315 511 2386 lu
524 2313 651 2413 primis
667 2313 865 2414 siquidem,
883 2331 924 2386 ut
934 2339 1024 2387 meae
1037 2310 1227 2413 pusillitati
1240 2307 1337 2384 vide·

260 2446 339 2519 tur,
360 2429 528 2505 hortatur
545 2457 608 2504 ros
625 2446 666 2502 ut
680 2431 743 2504 Dei
763 2445 1006 2531 praeceptum,
1030 2453 1105 2530 quo
1126 2425 1338 2528 parentibus

260 2545 381 2620 honor
394 2545 556 2629 exhiberi
570 2544 742 2646 jubetur,¹
759 2545 1059 2646 parvipendatis,
1074 2560 1111 2619 et
1129 2542 1338 2645 longaevita-

261 2679 352 2752 tem,
371 2691 455 2765 quae
467 2691 536 2766 pro
550 2666 842 2745 remuneratione
856 2663 1058 2739 conservati
1076 2660 1236 2739 mandati
1253 2687 1338 2764 pro·

261 2781 443 2871 mittitur,
457 2810 526 2883 pro
545 2782 662 2859 nihilo
676 2781 834 2867 habeatis
851 2815 860 2856 :
876 2781 1007 2863 deiude
1024 2797 1086 2875 ut,
1103 2778 1241 2880 abjecta
1253 2776 1340 2855 obe·

261 2895 414 2988 dientia,
443 2899 727 2978 inobedientiam
745 2928 815 3001 pro
838 2900 898 2972 illa
915 2899 1121 2988 assumatis,
1151 2913 1189 2973 et
1210 2912 1340 2989 contra

263 3037 360 3101 eum,
374 3011 442 3085 sub
454 3040 529 3114 quo
541 3014 804 3114 subjectionem
817 3014 1005 3089 humiliter
1017 3040 1080 3089 voa
1093 3038 1198 3114 agere
1209 3011 1342 3087 debue-

264 3131 369 3215 ratis,
383 3156 449 3228 per
461 3131 653 3205 elationem
668 3134 934 3207 contumaciter
949 3134 1118 3234 erigatis:
1136 3147 1216 3213 tum
1227 3147 1270 3204 ut
1281 3131 1340 3241 (4)

300 3409 339 3478 (t)
357 3407 442 3463 Hunc
456 3406 565 3475 locum,
579 3409 628 3483 qui
642 3409 672 3462 in
683 3408 767 3465 editis
779 3409 963 3477 desideratur,
978 3410 1053 3465 inter
1066 3424 1154 3464 uncos
1167 3406 1343 3487 restituimus

265 3517 299 3556 cx
310 3497 398 3554 altero
411 3496 536 3571 ejusdem
545 3497 667 3575 epistola
679 3500 829 3575 exemplari
842 3498 920 3575 quod
930 3500 959 3557 in
973 3509 1070 3563 austro
1082 3497 1189 3567 codiee,
1203 3495 1281 3566 118,
1295 3512 1343 3553 re·

267 3588 367 3661 perias.
385 3584 470 3656 Quod
488 3585 603 3660 quidem
620 3586 718 3642 lolium
736 3586 849 3645 alterius
864 3606 927 3663 pars
938 3576 995 3644 fult
1010 3584 1129 3658 codicis,
1149 3595 1247 3643 nostro
1264 3582 1343 3643 haud

265 3675 431 3732 recentioris
443 3674 549 3743 1011111,
566 3674 615 3729 aed
628 3676 754 3749 prolecto
766 3676 850 3750 longe
863 3675 1071 3744 emendatioris,
1086 3685 1119 3730 ut
1132 3673 1230 3730 saltem
1240 3672 1343 3746 conjici

267 3775 358 3840 potest
368 3783 402 3821 ex
411 3764 466 3821 hoc
475 3765 560 3820 unico
569 3764 636 3823 totio
647 3765 724 3839 quod
736 3765 851 3822 alteram
864 3763 1001 3823 Einhardi
1016 3765 1052 3822 ad
1064 3765 1230 3821 Lothmium
1240 3763 1344 3837 episto·

267 3856 339 3924 latu,
360 3854 431 3911 infra
445 3855 497 3910 sub
509 3873 628 3911 numero
643 3873 732 3911 111111
745 3858 869 3930 primum
884 3866 1066 3929 recusam‚4et
1080 3855 1196 3928 hujusce
1212 3853 1343 3935 initium,

269 3965 356 4022 usque
368 3947 403 4002 ad
415 3965 495 4002 voces
508 3966 593 4021 quam
604 3957 702 4002 vestra
715 3946 867 4015 commoda,
882 3956 991 4002 tautum
1005 3946 1139 4003 continet.

303 4039 341 4108 (a)
359 4037 430 4093 Cod.
442 4038 621 4095 oboedientia
632 4050 660 4094 et
674 4039 712 4093 sic
725 4037 807 4092 infra.

303 4123 343 4198 (5)
360 4126 431 4182 Cod.
447 4128 631 4184 indecentius.

304 4216 342 4289 (4)
360 4216 430 4272 Cod.
443 4221 484 4273 tu.
