3090 5302
597 543 793 604 APPENDIX
816 543 944 603 PRIOR.
1249 541 1306 602 149

246 651 417 721 discordias
435 659 611 743 seminem,
630 661 899 752 fellitum-Neque
914 662 1001 727 enim
1019 662 1052 726 in
1065 660 1128 726 boc
1141 662 1306 727 seniorum

243 765 434 837 discordiam
457 787 489 839 et
510 776 602 864 regni
618 776 894 866 perturbationem
915 800 983 842 esse
995 776 1149 858 arbitror,
1163 775 1190 841 si
1207 775 1306 864 justi·

242 885 312 950 tiam
341 910 447 955 meam
475 891 655 981 quaesiero,
680 893 720 960 de
748 918 813 985 qua
839 917 1044 984 nequaquam
1069 895 1158 984 prius
1185 888 1306 968 silebo,

239 1000 340 1069 donee
361 1028 455 1089 eam,
483 1006 613 1075 Christo
637 1025 827 1090 annuente,
857 1008 1029 1100 adipiscar.
1058 1007 1205 1099 Quidam
1231 1029 1307 1072 vero

237 1117 436 1188 arbitrantur
461 1147 512 1189 me
536 1124 659 1192 idcirco
685 1128 805 1193 seniori
832 1140 938 1192 vestro
957 1127 1006 1219 (1)
1031 1124 1197 1192 infidelem
1222 1147 1306 1200 esse,

235 1236 309 1325 quia
321 1239 484 1306 seniorem
501 1264 609 1307 meum
621 1245 671 1330 (a)
683 1268 749 1309 non
765 1242 896 1333 reliqui,
910 1258 944 1310 et
954 1240 1003 1309 illi
1018 1266 1148 1310 menon
1162 1240 1305 1309 subdidi.

233 1352 336 1443 Quod
350 1356 378 1422 si
402 1355 466 1424 boc
484 1374 617 1450 propter
632 1383 683 1426 res
703 1360 904 1426 transitorias
917 1358 1083 1441 lacerem,
1110 1383 1216 1450 neque
1235 1356 1305 1439 illi,

232 1494 339 1561 neque
373 1473 526 1564 cuiquam
554 1489 639 1542 reete
671 1474 892 1566 intelligenti,
922 1475 1130 1566 postmodum
1157 1489 1307 1564 acceptus

231 1615 347 1660 essem
363 1594 414 1659 De
433 1594 596 1662 discordia
614 1612 723 1664 autem
741 1598 876 1663 istorum
900 1620 1014 1688 regum
1035 1595 1130 1663 valde
1151 1611 1261 1662 metuo
1277 1609 1309 1660 et

231 1707 346 1776 dolens
371 1708 445 1778 dico
461 1713 557 1802 quia,
576 1712 655 1778 dum
672 1711 719 1778 illi
731 1763 740 1793 ,
754 1712 879 1804 puerile
895 1711 1097 1778 attendentes
1114 1710 1307 1788 consilium,

229 1824 400 1893 discordes
412 1828 497 1894 inter
508 1853 540 1895 se
550 1831 708 1910 existunt,
721 1830 785 1895 cito
798 1827 954 1909 forsitan,
971 1827 1059 1918 quod
1073 1829 1198 1894 utinam
1208 1826 1306 1907 absit,

228 1945 430 2011 exteriorum
457 1947 651 2036 sapientium
677 1962 708 2013 ct
734 1945 870 2013 sortium
900 1947 1109 2012 inimicorum
1134 1947 1252 2011 virtute
1275 1959 1308 2010 et

228 2059 338 2127 studio
356 2061 399 2127 ad
411 2085 515 2128 seram
525 2061 735 2129 concordiam
752 2061 1005 2144 revocabuntur,
1017 2063 1074 2152 qui
1088 2086 1147 2128 nos
1159 2061 1305 2151 undique

227 2177 449 2246 circumdant.
476 2179 578 2271 Quod
599 2195 706 2247 autem
730 2180 942 2270 subjunxistis
962 2178 1051 2270 quod
1067 2177 1215 2269 quaedam
1232 2177 1302 2244 loca

227 2308 340 2360 sancta
359 2293 451 2361 adire
473 2295 690 2376 decreverim,
708 2311 805 2386 atque
828 2319 846 2360 a
864 2295 941 2384 jure
958 2295 1090 2385 proprio
1114 2292 1303 2361 subtrahere

227 2410 439 2492 tentaverim,
469 2435 535 2478 non
565 2413 640 2478 satis
665 2410 812 2500 intelligo
837 2409 917 2500 quid
945 2409 1054 2475 dicere
1082 2409 1199 2476 velitis.
1228 2410 1301 2476 Non

225 2529 315 2592 enim
325 2526 437 2593 recolo
450 2552 501 2594 me
514 2530 639 2620 uspiam
652 2529 715 2595 boc
729 2530 843 2619 egisse,
852 2530 941 2619 quia,
956 2529 1153 2617 perDomini
1162 2527 1304 2594 clemen-

226 2643 305 2708 tiam
323 2657 358 2710 et
372 2645 509 2710 senioris
533 2647 596 2712 mei
621 2645 891 2725 misericordiam,
914 2658 1034 2710 tantam
1050 2668 1160 2711 rerum
1175 2647 1301 2735 copiam

226 2758 345 2840 habeo,
355 2774 391 2826 ut
404 2759 486 2825 nibil
499 2760 538 2828 de
552 2759 632 2827 locis
645 2761 763 2827 sanctis
776 2761 895 2849 injuste
908 2759 1093 2827 abstrahere
1106 2761 1146 2827 sit
1160 2784 1299 2828 necesse.

225 2876 355 2944 Idcirco
373 2893 482 2945 autem
500 2893 566 2945 tam
581 2877 683 2945 multa
702 2876 830 2944 inutilia
848 2893 880 2943 ct
901 2902 983 2944 vana
999 2876 1095 2944 lacile
1112 2877 1152 2944 de
1169 2901 1220 2943 me
1233 2902 1303 2944 cre-

225 2996 302 3063 dere
312 2999 458 3088 potestis,
470 3000 547 3089 quia
556 2996 658 3065 multa
676 3012 707 3065 et
725 3000 896 3063 innumera
908 2997 1000 3063 vobis
1016 2996 1185 3063 mendacia
1198 2995 1239 3062 de
1252 3021 1302 3063 me

226 3112 311 3182 dieta
324 3129 402 3180 sunt
415 3115 457 3181 ab
470 3115 533 3196 his,
547 3116 667 3206 quibus
679 3115 761 3181 bene
777 3114 985 3205 creditis,qui
1000 3113 1093 3179 vobis
1105 3136 1180 3179 vera
1194 3111 1302 3180 dicere

227 3231 395 3298 deberent.
414 3231 517 3323 Quod
541 3257 615 3298 vero
635 3231 806 3298 addidistis
824 3229 1077 3297 familiaritatem
1095 3243 1232 3295 vestram
1248 3252 1300 3295 me

226 3348 394 3432 babuisse,
420 3374 522 3440 usque
539 3349 617 3416 dum
634 3352 781 3416 animum
798 3373 906 3415 meum
929 3372 1008 3438 erga
1031 3372 1087 3414 vos
1105 3345 1299 3414 benevolum

226 3490 290 3532 esse
308 3468 469 3547 sensistis,
494 3467 606 3534 scitote
626 3468 841 3556 gratissimam
858 3466 971 3555 utique
987 3465 1069 3532 mihi
1086 3465 1185 3532 luisse
1200 3464 1298 3532 lami-

227 3583 396 3650 liaritatem
409 3600 566 3668 vestram,
588 3583 643 3650 sed
662 3586 695 3650 in
714 3608 780 3675 quo
799 3608 887 3649 nune
905 3605 976 3648 eam
994 3582 1207 3665 offenderim,
1222 3607 1296 3649 nes·

228 3699 286 3767 cio.
301 3700 342 3763 Et
356 3698 431 3765 licet
446 3723 503 3765 vos
516 3702 684 3790 repentina
701 3697 850 3790 quaedam
864 3712 895 3762 et
913 3697 1018 3764 subita
1034 3700 1173 3788 exagitet
1193 3714 1298 3765 muta-

230 3816 283 3894 tio,
298 3839 359 3904 ogo
373 3831 481 3882 tamen
495 3816 528 3881 in
543 3814 608 3881 fide
621 3814 718 3882 semel
729 3828 832 3905 coepta
849 3812 1059 3880 libentissime
1070 3813 1293 3904 perseverabo.

230 3930 397 4012 Ceterum,
408 3931 542 3998 obsecro
558 3933 760 3998 serenitatem
777 3946 928 4011 vestram,
943 3944 979 3995 ut
988 3929 1116 4019 rejectis
1129 3929 1169 3994 ab
1185 3930 1294 3994 ariimo

261 4212 297 4281 (ι)
316 4213 457 4267 Lothaire.

261 4310 296 4376 (a)
316 4310 610 4366 Clrarles-lc-Cbaurc.
