<?xml version="1.0" encoding="UTF-8"?>
<!DOCTYPE html PUBLIC "-//W3C//DTD XHTML 1.0 Transitional//EN"
    "http://www.w3.org/TR/xhtml1/DTD/xhtml1-transitional.dtd">
<html xmlns="http://www.w3.org/1999/xhtml" xml:lang="en" lang="en">
 <head>
  <title>
</title>
<meta http-equiv="Content-Type" content="text/html;charset=utf-8" />
  <meta name='ocr-system' content='tesseract 3.04.00' />
  <meta name='ocr-capabilities' content='ocr_page ocr_carea ocr_par ocr_line ocrx_word'/>
</head>
<body>
  <div class='ocr_page' id='page_1' title='image "./einhardiomniaqu00einhgoog_0031.png"; bbox 0 0 3166 5280; ppageno 0'>
   <div class='ocr_carea' id='block_1_1' title="bbox 252 425 989 489">
    <p class='ocr_par' dir='ltr' id='par_1_1' title="bbox 252 425 989 489">
     <span class='ocr_line' id='line_1_1' title="bbox 252 425 989 489; baseline 0.001 -3"><span class='ocrx_word' id='word_1_1' title='bbox 252 425 289 486; x_wconf 83' lang='lat' dir='ltr'>tt</span> <span class='ocrx_word' id='word_1_2' title='bbox 568 425 760 489; x_wconf 71' lang='lat' dir='ltr'>ulutatum</span> <span class='ocrx_word' id='word_1_3' title='bbox 783 427 989 489; x_wconf 84' lang='lat' dir='ltr'>EPISTOLAE.</span> 
     </span>
    </p>
   </div>
   <div class='ocr_carea' id='block_1_2' title="bbox 397 636 1164 705">
    <p class='ocr_par' dir='ltr' id='par_1_2' title="bbox 397 636 1164 705">
     <span class='ocr_line' id='line_1_2' title="bbox 397 636 1164 705; baseline 0.004 -9"><span class='ocrx_word' id='word_1_4' title='bbox 397 636 483 696; x_wconf 93' lang='lat' dir='ltr'>Vlll.</span> <span class='ocrx_word' id='word_1_5' title='bbox 507 637 558 696; x_wconf 77' lang='grc' dir='ltr'>ΑΙ)</span> <span class='ocrx_word' id='word_1_6' title='bbox 579 637 788 698; x_wconf 82' lang='lat' dir='ltr'><strong>OTGARIUM</strong></span> <span class='ocrx_word' id='word_1_7' title='bbox 811 639 1164 705; x_wconf 76' lang='lat' dir='ltr'>ARCHIEPISCOPUM.</span> 
     </span>
    </p>
   </div>
   <div class='ocr_carea' id='block_1_3' title="bbox 249 797 1408 3355">
    <p class='ocr_par' dir='ltr' id='par_1_3' title="bbox 249 797 1408 3355">
     <span class='ocr_line' id='line_1_3' title="bbox 300 797 1316 904; baseline 0.012 -37"><span class='ocrx_word' id='word_1_8' title='bbox 300 797 458 870; x_wconf 87' lang='lat' dir='ltr'>Domino</span> <span class='ocrx_word' id='word_1_9' title='bbox 485 812 608 870; x_wconf 87' lang='lat' dir='ltr'>sancto</span> <span class='ocrx_word' id='word_1_10' title='bbox 635 814 671 870; x_wconf 95' lang='lat' dir='ltr'>et</span> <span class='ocrx_word' id='word_1_11' title='bbox 699 800 832 872; x_wconf 87' lang='lat' dir='ltr'>merito</span> <span class='ocrx_word' id='word_1_12' title='bbox 854 802 1048 875; x_wconf 82' lang='lat' dir='ltr'>venerabili</span> <span class='ocrx_word' id='word_1_13' title='bbox 1071 802 1219 904; x_wconf 79' lang='lat' dir='ltr'>Otgario</span> <span class='ocrx_word' id='word_1_14' title='bbox 1234 805 1316 904; x_wconf 90' lang='lat'>(1),</span> 
     </span>
     <span class='ocr_line' id='line_1_4' title="bbox 251 913 1319 1021; baseline 0.01 -36"><span class='ocrx_word' id='word_1_15' title='bbox 251 913 540 988; x_wconf 82' lang='lat' dir='ltr'>reverentissimo</span> <span class='ocrx_word' id='word_1_16' title='bbox 552 914 608 1012; x_wconf 88' lang='lat'>(2)</span> <span class='ocrx_word' id='word_1_17' title='bbox 619 915 801 1015; x_wconf 92' lang='lat' dir='ltr'>episcopo.</span> <span class='ocrx_word' id='word_1_18' title='bbox 810 918 1058 1019; x_wconf 81' lang='lat' dir='ltr'><strong>-Presbyter</strong></span> <span class='ocrx_word' id='word_1_19' title='bbox 1068 919 1228 1021; x_wconf 88' lang='lat' dir='ltr'>quidam,</span> <span class='ocrx_word' id='word_1_20' title='bbox 1242 948 1319 997; x_wconf 90' lang='lat' dir='ltr'>no-</span> 
     </span>
     <span class='ocr_line' id='line_1_5' title="bbox 251 1029 1320 1117; baseline 0.007 -14"><span class='ocrx_word' id='word_1_21' title='bbox 251 1034 349 1106; x_wconf 90' lang='lat' dir='ltr'>minc</span> <span class='ocrx_word' id='word_1_22' title='bbox 367 1029 613 1117; x_wconf 85' lang='lat' dir='ltr'>llruodradus,</span> <span class='ocrx_word' id='word_1_23' title='bbox 631 1033 732 1105; x_wconf 87' lang='lat' dir='ltr'>venit</span> <span class='ocrx_word' id='word_1_24' title='bbox 753 1034 796 1105; x_wconf 91' lang='lat' dir='ltr'>ad</span> <span class='ocrx_word' id='word_1_25' title='bbox 811 1059 869 1106; x_wconf 91' lang='lat' dir='ltr'>me</span> <span class='ocrx_word' id='word_1_26' title='bbox 889 1033 1010 1108; x_wconf 86' lang='lat' dir='ltr'>dicens</span> <span class='ocrx_word' id='word_1_27' title='bbox 1027 1063 1063 1110; x_wconf 85' lang='lat' dir='ltr'>se</span> <span class='ocrx_word' id='word_1_28' title='bbox 1079 1062 1152 1111; x_wconf 89' lang='lat' dir='ltr'>esse</span> <span class='ocrx_word' id='word_1_29' title='bbox 1166 1036 1211 1110; x_wconf 89' lang='lat' dir='ltr'>de</span> <span class='ocrx_word' id='word_1_30' title='bbox 1228 1037 1320 1112; x_wconf 88' lang='lat' dir='ltr'>fisco</span> 
     </span>
     <span class='ocr_line' id='line_1_6' title="bbox 250 1146 1320 1252; baseline 0.009 -37"><span class='ocrx_word' id='word_1_31' title='bbox 250 1162 370 1220; x_wconf 87' lang='lat' dir='ltr'>vestro</span> <span class='ocrx_word' id='word_1_32' title='bbox 397 1146 606 1234; x_wconf 91' lang='lat' dir='ltr'>Manniaco,</span> <span class='ocrx_word' id='word_1_33' title='bbox 633 1162 670 1219; x_wconf 92' lang='lat' dir='ltr'>et</span> <span class='ocrx_word' id='word_1_34' title='bbox 695 1148 869 1246; x_wconf 86' lang='lat' dir='ltr'>accepisse</span> <span class='ocrx_word' id='word_1_35' title='bbox 894 1149 1076 1225; x_wconf 82' lang='lat' dir='ltr'>licentiam</span> <span class='ocrx_word' id='word_1_36' title='bbox 1099 1179 1119 1224; x_wconf 90' lang='lat' dir='ltr'>a</span> <span class='ocrx_word' id='word_1_37' title='bbox 1146 1150 1320 1252; x_wconf 90' lang='lat' dir='ltr'>chorepi-</span> 
     </span>
     <span class='ocr_line' id='line_1_7' title="bbox 249 1265 1321 1368; baseline 0.003 -29"><span class='ocrx_word' id='word_1_38' title='bbox 249 1290 360 1364; x_wconf 85' lang='lat' dir='ltr'>scopo</span> <span class='ocrx_word' id='word_1_39' title='bbox 390 1265 445 1362; x_wconf 76' lang='grc' dir='ltr'>(ὅ)</span> <span class='ocrx_word' id='word_1_40' title='bbox 469 1278 590 1338; x_wconf 85' lang='lat' dir='ltr'>vestro</span> <span class='ocrx_word' id='word_1_41' title='bbox 618 1279 653 1340; x_wconf 89' lang='lat' dir='ltr'>et</span> <span class='ocrx_word' id='word_1_42' title='bbox 684 1266 822 1339; x_wconf 86' lang='lat' dir='ltr'>caeteris</span> <span class='ocrx_word' id='word_1_43' title='bbox 850 1266 1024 1340; x_wconf 86' lang='lat' dir='ltr'>fratribus</span> <span class='ocrx_word' id='word_1_44' title='bbox 1050 1270 1204 1345; x_wconf 83' lang='lat' dir='ltr'>Romam</span> <span class='ocrx_word' id='word_1_45' title='bbox 1230 1296 1321 1368; x_wconf 88' lang='lat' dir='ltr'>per-</span> 
     </span>
     <span class='ocr_line' id='line_1_8' title="bbox 249 1379 1323 1485; baseline 0.003 -28"><span class='ocrx_word' id='word_1_46' title='bbox 249 1382 379 1485; x_wconf 83' lang='lat' dir='ltr'>gendi,</span> <span class='ocrx_word' id='word_1_47' title='bbox 400 1396 437 1456; x_wconf 93' lang='lat' dir='ltr'>et</span> <span class='ocrx_word' id='word_1_48' title='bbox 455 1379 523 1454; x_wconf 92' lang='lat' dir='ltr'>hoc</span> <span class='ocrx_word' id='word_1_49' title='bbox 543 1381 582 1454; x_wconf 92' lang='lat' dir='ltr'>in</span> <span class='ocrx_word' id='word_1_50' title='bbox 599 1407 720 1457; x_wconf 87' lang='lat' dir='ltr'>meuse</span> <span class='ocrx_word' id='word_1_51' title='bbox 736 1383 869 1459; x_wconf 89' lang='lat' dir='ltr'>martio</span> <span class='ocrx_word' id='word_1_52' title='bbox 875 1413 886 1472; x_wconf 84' lang='lat'>3</span> <span class='ocrx_word' id='word_1_53' title='bbox 908 1384 968 1458; x_wconf 90' lang='lat' dir='ltr'>sed</span> <span class='ocrx_word' id='word_1_54' title='bbox 983 1400 1084 1484; x_wconf 90' lang='lat' dir='ltr'>post,</span> <span class='ocrx_word' id='word_1_55' title='bbox 1107 1412 1190 1459; x_wconf 90' lang='lat' dir='ltr'>cnm</span> <span class='ocrx_word' id='word_1_56' title='bbox 1203 1387 1323 1460; x_wconf 89' lang='lat' dir='ltr'>venis·</span> 
     </span>
     <span class='ocr_line' id='line_1_9' title="bbox 250 1498 1321 1599; baseline 0.003 -27"><span class='ocrx_word' id='word_1_57' title='bbox 250 1516 303 1574; x_wconf 92' lang='lat' dir='ltr'>set</span> <span class='ocrx_word' id='word_1_58' title='bbox 318 1499 363 1575; x_wconf 90' lang='lat' dir='ltr'>ad</span> <span class='ocrx_word' id='word_1_59' title='bbox 380 1498 672 1598; x_wconf 84' lang='lat' dir='ltr'>Mogontiacum,</span> <span class='ocrx_word' id='word_1_60' title='bbox 695 1524 772 1573; x_wconf 92' lang='lat' dir='ltr'>non</span> <span class='ocrx_word' id='word_1_61' title='bbox 789 1501 949 1599; x_wconf 90' lang='lat' dir='ltr'>potuisse</span> <span class='ocrx_word' id='word_1_62' title='bbox 974 1501 1136 1577; x_wconf 88' lang='lat' dir='ltr'>invenire</span> <span class='ocrx_word' id='word_1_63' title='bbox 1152 1501 1321 1579; x_wconf 89' lang='lat' dir='ltr'>homines</span> 
     </span>
     <span class='ocr_line' id='line_1_10' title="bbox 249 1611 1322 1718; baseline 0.003 -30"><span class='ocrx_word' id='word_1_64' title='bbox 249 1641 333 1688; x_wconf 92' lang='lat' dir='ltr'>cum</span> <span class='ocrx_word' id='word_1_65' title='bbox 357 1611 489 1715; x_wconf 85' lang='lat' dir='ltr'>quibus</span> <span class='ocrx_word' id='word_1_66' title='bbox 507 1613 596 1688; x_wconf 93' lang='lat' dir='ltr'>illud</span> <span class='ocrx_word' id='word_1_67' title='bbox 620 1614 689 1688; x_wconf 90' lang='lat' dir='ltr'>iter</span> <span class='ocrx_word' id='word_1_68' title='bbox 710 1641 878 1716; x_wconf 80' lang='lat' dir='ltr'>peragere</span> <span class='ocrx_word' id='word_1_69' title='bbox 898 1616 1071 1718; x_wconf 88' lang='lat' dir='ltr'>potuisset</span> <span class='ocrx_word' id='word_1_70' title='bbox 1086 1647 1095 1689; x_wconf 75' lang='lat' dir='ltr'><strong><em>z</em></strong></span> <span class='ocrx_word' id='word_1_71' title='bbox 1110 1643 1151 1691; x_wconf 93' lang='lat' dir='ltr'>ac</span> <span class='ocrx_word' id='word_1_72' title='bbox 1166 1631 1322 1718; x_wconf 90' lang='lat' dir='ltr'>propter</span> 
     </span>
     <span class='ocr_line' id='line_1_11' title="bbox 250 1730 1321 1837; baseline 0.006 -32"><span class='ocrx_word' id='word_1_73' title='bbox 250 1730 320 1806; x_wconf 88' lang='lat' dir='ltr'>hoc</span> <span class='ocrx_word' id='word_1_74' title='bbox 335 1731 483 1805; x_wconf 85' lang='lat' dir='ltr'>divertit</span> <span class='ocrx_word' id='word_1_75' title='bbox 502 1732 546 1805; x_wconf 89' lang='lat' dir='ltr'>ad</span> <span class='ocrx_word' id='word_1_76' title='bbox 563 1732 755 1834; x_wconf 89' lang='lat' dir='ltr'>quemdam</span> <span class='ocrx_word' id='word_1_77' title='bbox 775 1759 965 1835; x_wconf 81' lang='lat' dir='ltr'>pagensem</span> <span class='ocrx_word' id='word_1_78' title='bbox 988 1749 1178 1824; x_wconf 89' lang='lat' dir='ltr'>nostrum,</span> <span class='ocrx_word' id='word_1_79' title='bbox 1201 1736 1265 1837; x_wconf 89' lang='lat' dir='ltr'>qni</span> <span class='ocrx_word' id='word_1_80' title='bbox 1285 1738 1321 1810; x_wconf 92' lang='lat' dir='ltr'>ei</span> 
     </span>
     <span class='ocr_line' id='line_1_12' title="bbox 249 1847 1324 1951; baseline 0.003 -27"><span class='ocrx_word' id='word_1_81' title='bbox 249 1849 416 1949; x_wconf 82' lang='lat' dir='ltr'>cognitus</span> <span class='ocrx_word' id='word_1_82' title='bbox 429 1847 567 1937; x_wconf 81' lang='lat' dir='ltr'>luerat,</span> <span class='ocrx_word' id='word_1_83' title='bbox 587 1850 735 1923; x_wconf 90' lang='lat' dir='ltr'>nomine</span> <span class='ocrx_word' id='word_1_84' title='bbox 755 1847 1005 1940; x_wconf 87' lang='lat' dir='ltr'>Hildebertus,</span> <span class='ocrx_word' id='word_1_85' title='bbox 1022 1866 1058 1925; x_wconf 90' lang='lat' dir='ltr'>et</span> <span class='ocrx_word' id='word_1_86' title='bbox 1073 1852 1206 1926; x_wconf 89' lang='lat' dir='ltr'>mansit</span> <span class='ocrx_word' id='word_1_87' title='bbox 1223 1854 1324 1951; x_wconf 91' lang='lat' dir='ltr'>apud</span> 
     </span>
     <span class='ocr_line' id='line_1_13' title="bbox 250 1961 1323 2068; baseline 0.006 -31"><span class='ocrx_word' id='word_1_88' title='bbox 250 1989 333 2041; x_wconf 87' lang='lat' dir='ltr'>eum</span> <span class='ocrx_word' id='word_1_89' title='bbox 356 1963 472 2036; x_wconf 92' lang='lat' dir='ltr'>donec</span> <span class='ocrx_word' id='word_1_90' title='bbox 498 1962 677 2036; x_wconf 87' lang='lat' dir='ltr'>inveniret</span> <span class='ocrx_word' id='word_1_91' title='bbox 699 1961 865 2038; x_wconf 86' lang='lat' dir='ltr'>homines</span> <span class='ocrx_word' id='word_1_92' title='bbox 882 1965 1032 2040; x_wconf 87' lang='lat' dir='ltr'><strong>Romam</strong></span> <span class='ocrx_word' id='word_1_93' title='bbox 1054 1982 1199 2057; x_wconf 73' lang='lat' dir='ltr'>euntes,</span> <span class='ocrx_word' id='word_1_94' title='bbox 1226 1993 1323 2068; x_wconf 91' lang='lat' dir='ltr'>quos</span> 
     </span>
     <span class='ocr_line' id='line_1_14' title="bbox 250 2077 1323 2184; baseline 0.007 -33"><span class='ocrx_word' id='word_1_95' title='bbox 250 2106 287 2154; x_wconf 87' lang='lat' dir='ltr'>se</span> <span class='ocrx_word' id='word_1_96' title='bbox 306 2104 405 2152; x_wconf 92' lang='lat' dir='ltr'>nunc</span> <span class='ocrx_word' id='word_1_97' title='bbox 419 2079 585 2153; x_wconf 87' lang='lat' dir='ltr'>inventos</span> <span class='ocrx_word' id='word_1_98' title='bbox 603 2077 734 2153; x_wconf 91' lang='lat' dir='ltr'>habere</span> <span class='ocrx_word' id='word_1_99' title='bbox 749 2077 859 2171; x_wconf 90' lang='lat' dir='ltr'>dicit,</span> <span class='ocrx_word' id='word_1_100' title='bbox 880 2098 917 2156; x_wconf 89' lang='lat' dir='ltr'>et</span> <span class='ocrx_word' id='word_1_101' title='bbox 932 2084 1074 2184; x_wconf 85' lang='lat' dir='ltr'>rogavit</span> <span class='ocrx_word' id='word_1_102' title='bbox 1091 2111 1149 2158; x_wconf 91' lang='lat' dir='ltr'>me</span> <span class='ocrx_word' id='word_1_103' title='bbox 1166 2098 1207 2157; x_wconf 93' lang='lat' dir='ltr'>ut</span> <span class='ocrx_word' id='word_1_104' title='bbox 1222 2084 1323 2183; x_wconf 87' lang='lat' dir='ltr'>apud</span> 
     </span>
     <span class='ocr_line' id='line_1_15' title="bbox 249 2197 1321 2304; baseline 0.007 -36"><span class='ocrx_word' id='word_1_105' title='bbox 249 2222 315 2273; x_wconf 77' lang='lat' dir='ltr'>vos</span> <span class='ocrx_word' id='word_1_106' title='bbox 349 2198 578 2298; x_wconf 84' lang='lat' dir='ltr'>impetrarem</span> <span class='ocrx_word' id='word_1_107' title='bbox 610 2197 643 2270; x_wconf 89' lang='lat' dir='ltr'>ei</span> <span class='ocrx_word' id='word_1_108' title='bbox 677 2197 860 2272; x_wconf 86' lang='lat' dir='ltr'>licentiam</span> <span class='ocrx_word' id='word_1_109' title='bbox 889 2199 978 2274; x_wconf 91' lang='lat' dir='ltr'>illud</span> <span class='ocrx_word' id='word_1_110' title='bbox 1011 2202 1080 2275; x_wconf 90' lang='lat' dir='ltr'>iter</span> <span class='ocrx_word' id='word_1_111' title='bbox 1110 2201 1321 2304; x_wconf 86' lang='lat' dir='ltr'>peragendi.</span> 
     </span>
     <span class='ocr_line' id='line_1_16' title="bbox 250 2315 1325 2421; baseline -0.001 -30"><span class='ocrx_word' id='word_1_112' title='bbox 250 2315 341 2391; x_wconf 86' lang='lat' dir='ltr'>Vult</span> <span class='ocrx_word' id='word_1_113' title='bbox 357 2317 475 2404; x_wconf 93' lang='lat' dir='ltr'>enim,</span> <span class='ocrx_word' id='word_1_114' title='bbox 495 2315 587 2388; x_wconf 89' lang='lat' dir='ltr'>sicut</span> <span class='ocrx_word' id='word_1_115' title='bbox 605 2316 680 2414; x_wconf 86' lang='lat' dir='ltr'>ipse</span> <span class='ocrx_word' id='word_1_116' title='bbox 696 2316 839 2409; x_wconf 88' lang='lat' dir='ltr'>asserit,</span> <span class='ocrx_word' id='word_1_117' title='bbox 860 2316 949 2390; x_wconf 94' lang='lat' dir='ltr'>illud</span> <span class='ocrx_word' id='word_1_118' title='bbox 970 2318 1054 2408; x_wconf 86' lang='lat' dir='ltr'>iter,</span> <span class='ocrx_word' id='word_1_119' title='bbox 1073 2345 1183 2421; x_wconf 87' lang='lat' dir='ltr'>quam</span> <span class='ocrx_word' id='word_1_120' title='bbox 1203 2318 1325 2392; x_wconf 88' lang='lat' dir='ltr'>celer-</span> 
     </span>
     <span class='ocr_line' id='line_1_17' title="bbox 250 2433 1408 2534; baseline 0.002 -27"><span class='ocrx_word' id='word_1_121' title='bbox 250 2433 343 2507; x_wconf 90' lang='lat' dir='ltr'>rime</span> <span class='ocrx_word' id='word_1_122' title='bbox 365 2433 547 2533; x_wconf 88' lang='lat' dir='ltr'>potuerit,</span> <span class='ocrx_word' id='word_1_123' title='bbox 566 2458 755 2534; x_wconf 84' lang='lat' dir='ltr'>peragere,</span> <span class='ocrx_word' id='word_1_124' title='bbox 776 2448 813 2506; x_wconf 91' lang='lat' dir='ltr'>et</span> <span class='ocrx_word' id='word_1_125' title='bbox 833 2433 877 2507; x_wconf 92' lang='lat' dir='ltr'>ad</span> <span class='ocrx_word' id='word_1_126' title='bbox 901 2433 1022 2510; x_wconf 91' lang='lat' dir='ltr'>locum</span> <span class='ocrx_word' id='word_1_127' title='bbox 1044 2462 1149 2508; x_wconf 91' lang='lat' dir='ltr'>suum</span> <span class='ocrx_word' id='word_1_128' title='bbox 1168 2438 1320 2514; x_wconf 88' lang='lat' dir='ltr'>reverti.</span> <span class='ocrx_word' id='word_1_129' title='bbox 1403 2519 1408 2531; x_wconf 29' lang='lat'><strong>¹</strong></span> 
     </span>
     <span class='ocr_line' id='line_1_18' title="bbox 251 2546 1325 2649; baseline 0.004 -28"><span class='ocrx_word' id='word_1_130' title='bbox 251 2549 406 2647; x_wconf 87' lang='lat' dir='ltr'>Propter</span> <span class='ocrx_word' id='word_1_131' title='bbox 428 2546 497 2621; x_wconf 92' lang='lat' dir='ltr'>hoc</span> <span class='ocrx_word' id='word_1_132' title='bbox 518 2574 649 2649; x_wconf 87' lang='lat' dir='ltr'>precor</span> <span class='ocrx_word' id='word_1_133' title='bbox 669 2549 894 2624; x_wconf 87' lang='lat' dir='ltr'>sanctitatem</span> <span class='ocrx_word' id='word_1_134' title='bbox 912 2564 1067 2625; x_wconf 84' lang='lat' dir='ltr'>vestram</span> <span class='ocrx_word' id='word_1_135' title='bbox 1084 2566 1126 2623; x_wconf 90' lang='lat' dir='ltr'>ut</span> <span class='ocrx_word' id='word_1_136' title='bbox 1150 2553 1202 2641; x_wconf 91' lang='lat' dir='ltr'>ei,</span> <span class='ocrx_word' id='word_1_137' title='bbox 1226 2551 1325 2625; x_wconf 89' lang='lat' dir='ltr'>sicut</span> 
     </span>
     <span class='ocr_line' id='line_1_19' title="bbox 252 2665 1324 2772; baseline 0.003 -32"><span class='ocrx_word' id='word_1_138' title='bbox 252 2667 327 2767; x_wconf 89' lang='lat' dir='ltr'>ipse</span> <span class='ocrx_word' id='word_1_139' title='bbox 345 2683 468 2769; x_wconf 83' lang='lat' dir='ltr'>rogat,</span> <span class='ocrx_word' id='word_1_140' title='bbox 489 2667 673 2742; x_wconf 90' lang='lat' dir='ltr'>licentiam</span> <span class='ocrx_word' id='word_1_141' title='bbox 690 2665 826 2745; x_wconf 89' lang='lat' dir='ltr'>donare</span> <span class='ocrx_word' id='word_1_142' title='bbox 838 2669 1053 2772; x_wconf 83' lang='lat' dir='ltr'>dignemini,</span> <span class='ocrx_word' id='word_1_143' title='bbox 1069 2686 1105 2745; x_wconf 94' lang='lat' dir='ltr'>et</span> <span class='ocrx_word' id='word_1_144' title='bbox 1120 2685 1162 2743; x_wconf 87' lang='lat' dir='ltr'>ut</span> <span class='ocrx_word' id='word_1_145' title='bbox 1175 2670 1227 2743; x_wconf 91' lang='lat' dir='ltr'>illi</span> <span class='ocrx_word' id='word_1_146' title='bbox 1242 2695 1324 2743; x_wconf 92' lang='lat' dir='ltr'>non</span> 
     </span>
     <span class='ocr_line' id='line_1_20' title="bbox 251 2786 1325 2890; baseline 0 -30"><span class='ocrx_word' id='word_1_147' title='bbox 251 2802 378 2861; x_wconf 90' lang='lat' dir='ltr'>noceat</span> <span class='ocrx_word' id='word_1_148' title='bbox 390 2786 488 2889; x_wconf 92' lang='lat' dir='ltr'>quod</span> <span class='ocrx_word' id='word_1_149' title='bbox 503 2787 639 2862; x_wconf 91' lang='lat' dir='ltr'>tamdiu</span> <span class='ocrx_word' id='word_1_150' title='bbox 653 2788 749 2863; x_wconf 89' lang='lat' dir='ltr'>inter</span> <span class='ocrx_word' id='word_1_151' title='bbox 762 2791 835 2863; x_wconf 87' lang='lat' dir='ltr'>vias</span> <span class='ocrx_word' id='word_1_152' title='bbox 848 2806 1010 2868; x_wconf 88' lang='lat' dir='ltr'>moratus</span> <span class='ocrx_word' id='word_1_153' title='bbox 1024 2806 1077 2864; x_wconf 85' lang='lat' dir='ltr'>est</span> <span class='ocrx_word' id='word_1_154' title='bbox 1086 2843 1097 2877; x_wconf 96' lang='lat'>,</span> <span class='ocrx_word' id='word_1_155' title='bbox 1114 2790 1213 2890; x_wconf 89' lang='lat' dir='ltr'>quia,</span> <span class='ocrx_word' id='word_1_156' title='bbox 1228 2788 1325 2862; x_wconf 91' lang='lat' dir='ltr'>mul-</span> 
     </span>
     <span class='ocr_line' id='line_1_21' title="bbox 252 2903 1324 3006; baseline 0.001 -30"><span class='ocrx_word' id='word_1_157' title='bbox 252 2904 297 2978; x_wconf 92' lang='lat' dir='ltr'>tis</span> <span class='ocrx_word' id='word_1_158' title='bbox 328 2903 595 3005; x_wconf 87' lang='lat' dir='ltr'>impedimentis</span> <span class='ocrx_word' id='word_1_159' title='bbox 629 2905 896 2993; x_wconf 90' lang='lat' dir='ltr'>accidentibus,</span> <span class='ocrx_word' id='word_1_160' title='bbox 935 2907 1069 2979; x_wconf 87' lang='lat' dir='ltr'>invitus</span> <span class='ocrx_word' id='word_1_161' title='bbox 1100 2904 1188 2978; x_wconf 89' lang='lat' dir='ltr'>fecit</span> <span class='ocrx_word' id='word_1_162' title='bbox 1220 2903 1324 3006; x_wconf 89' lang='lat' dir='ltr'>quod</span> 
     </span>
     <span class='ocr_line' id='line_1_22' title="bbox 251 3020 1320 3120; baseline -0.003 -26"><span class='ocrx_word' id='word_1_163' title='bbox 251 3021 441 3095; x_wconf 90' lang='lat' dir='ltr'>emendare</span> <span class='ocrx_word' id='word_1_164' title='bbox 460 3045 535 3093; x_wconf 93' lang='lat' dir='ltr'>non</span> <span class='ocrx_word' id='word_1_165' title='bbox 553 3021 686 3119; x_wconf 88' lang='lat' dir='ltr'>potuit.</span> <span class='ocrx_word' id='word_1_166' title='bbox 705 3020 881 3120; x_wconf 88' lang='lat' dir='ltr'>Optamus</span> <span class='ocrx_word' id='word_1_167' title='bbox 901 3020 1125 3095; x_wconf 85' lang='lat' dir='ltr'>sanctitatem</span> <span class='ocrx_word' id='word_1_168' title='bbox 1144 3034 1320 3109; x_wconf 85' lang='lat' dir='ltr'>vestram,</span> 
     </span>
     <span class='ocr_line' id='line_1_23' title="bbox 251 3132 1324 3237; baseline 0 -27"><span class='ocrx_word' id='word_1_169' title='bbox 251 3152 388 3210; x_wconf 82' lang='lat' dir='ltr'>nostrae</span> <span class='ocrx_word' id='word_1_170' title='bbox 417 3132 671 3208; x_wconf 86' lang='lat' dir='ltr'>imbecillitatis</span> <span class='ocrx_word' id='word_1_171' title='bbox 695 3160 919 3227; x_wconf 88' lang='lat' dir='ltr'>memorem,</span> <span class='ocrx_word' id='word_1_172' title='bbox 946 3162 1087 3237; x_wconf 91' lang='lat' dir='ltr'>semper</span> <span class='ocrx_word' id='word_1_173' title='bbox 1114 3138 1152 3211; x_wconf 93' lang='lat' dir='ltr'>in</span> <span class='ocrx_word' id='word_1_174' title='bbox 1176 3135 1324 3210; x_wconf 86' lang='lat' dir='ltr'>Christo</span> 
     </span>
     <span class='ocr_line' id='line_1_24' title="bbox 252 3252 1243 3355; baseline -0.003 -29"><span class='ocrx_word' id='word_1_175' title='bbox 252 3253 345 3330; x_wconf 90' lang='lat' dir='ltr'>bene</span> <span class='ocrx_word' id='word_1_176' title='bbox 363 3252 500 3339; x_wconf 85' lang='lat' dir='ltr'>valere,</span> <span class='ocrx_word' id='word_1_177' title='bbox 523 3253 743 3328; x_wconf 89' lang='lat' dir='ltr'>sanctissime</span> <span class='ocrx_word' id='word_1_178' title='bbox 762 3279 802 3327; x_wconf 91' lang='lat' dir='ltr'>ac</span> <span class='ocrx_word' id='word_1_179' title='bbox 822 3255 1107 3330; x_wconf 86' lang='lat' dir='ltr'>reverentissime</span> <span class='ocrx_word' id='word_1_180' title='bbox 1128 3271 1243 3355; x_wconf 88' lang='lat' dir='ltr'>pater.</span> 
     </span>
    </p>
   </div>
   <div class='ocr_carea' id='block_1_4' title="bbox 252 3554 1322 4172">
    <p class='ocr_par' dir='ltr' id='par_1_4' title="bbox 252 3554 1322 3818">
     <span class='ocr_line' id='line_1_25' title="bbox 288 3554 1322 3633; baseline -0.006 -15"><span class='ocrx_word' id='word_1_181' title='bbox 288 3564 328 3633; x_wconf 89' lang='grc' dir='ltr'>(ι)</span> <span class='ocrx_word' id='word_1_182' title='bbox 344 3561 399 3617; x_wconf 85' lang='lat' dir='ltr'>lllc</span> <span class='ocrx_word' id='word_1_183' title='bbox 411 3556 497 3613; x_wconf 81' lang='lat' dir='ltr'>codex</span> <span class='ocrx_word' id='word_1_184' title='bbox 511 3566 619 3611; x_wconf 88' lang='lat' dir='ltr'>tantum</span> <span class='ocrx_word' id='word_1_185' title='bbox 634 3556 719 3611; x_wconf 88' lang='lat' dir='ltr'>habet</span> <span class='ocrx_word' id='word_1_186' title='bbox 730 3555 765 3610; x_wconf 89' lang='lat' dir='ltr'>R.</span> <span class='ocrx_word' id='word_1_187' title='bbox 774 3556 812 3613; x_wconf 86' lang='lat' dir='ltr'>G.</span> <span class='ocrx_word' id='word_1_188' title='bbox 825 3556 861 3611; x_wconf 87' lang='lat' dir='ltr'>R.</span> <span class='ocrx_word' id='word_1_189' title='bbox 874 3554 911 3613; x_wconf 93' lang='lat'>0.</span> <span class='ocrx_word' id='word_1_190' title='bbox 924 3557 973 3612; x_wconf 79' lang='lat' dir='ltr'>Hae</span> <span class='ocrx_word' id='word_1_191' title='bbox 986 3555 1084 3614; x_wconf 78' lang='lat' dir='ltr'>littere</span> <span class='ocrx_word' id='word_1_192' title='bbox 1096 3557 1189 3631; x_wconf 84' lang='lat' dir='ltr'>potius</span> <span class='ocrx_word' id='word_1_193' title='bbox 1199 3556 1322 3632; x_wconf 82' lang='lat' dir='ltr'>Rogerr&#39;o</span> 
     </span>
     <span class='ocr_line' id='line_1_26' title="bbox 252 3643 1321 3722; baseline -0.006 -17"><span class='ocrx_word' id='word_1_194' title='bbox 252 3652 295 3709; x_wconf 82' lang='lat' dir='ltr'>vel</span> <span class='ocrx_word' id='word_1_195' title='bbox 314 3651 450 3722; x_wconf 78' lang='lat' dir='ltr'>Ilotgario</span> <span class='ocrx_word' id='word_1_196' title='bbox 468 3664 552 3722; x_wconf 81' lang='lat' dir='ltr'>quam</span> <span class='ocrx_word' id='word_1_197' title='bbox 575 3645 691 3719; x_wconf 77' lang='lat' dir='ltr'>otgario</span> <span class='ocrx_word' id='word_1_198' title='bbox 712 3643 866 3713; x_wconf 80' lang='lat' dir='ltr'>efficerent,</span> <span class='ocrx_word' id='word_1_199' title='bbox 889 3645 912 3699; x_wconf 87' lang='lat' dir='ltr'>si</span> <span class='ocrx_word' id='word_1_200' title='bbox 933 3645 996 3719; x_wconf 89' lang='lat' dir='ltr'>quis</span> <span class='ocrx_word' id='word_1_201' title='bbox 1016 3644 1099 3717; x_wconf 83' lang='lat' dir='ltr'>hujus</span> <span class='ocrx_word' id='word_1_202' title='bbox 1118 3645 1239 3700; x_wconf 82' lang='lat' dir='ltr'>nominis</span> <span class='ocrx_word' id='word_1_203' title='bbox 1261 3646 1321 3718; x_wconf 89' lang='lat' dir='ltr'>epi·</span> 
     </span>
     <span class='ocr_line' id='line_1_27' title="bbox 253 3733 1319 3818; baseline -0.01 -19"><span class='ocrx_word' id='word_1_204' title='bbox 253 3760 351 3818; x_wconf 73' lang='lat' dir='ltr'>scopus</span> <span class='ocrx_word' id='word_1_205' title='bbox 366 3737 509 3796; x_wconf 85' lang='lat' dir='ltr'>Einhardo</span> <span class='ocrx_word' id='word_1_206' title='bbox 527 3736 849 3792; x_wconf 63' lang='lat' dir='ltr'>commurmurant.</span> <span class='ocrx_word' id='word_1_207' title='bbox 866 3734 940 3795; x_wconf 85' lang='lat' dir='ltr'>Vide</span> <span class='ocrx_word' id='word_1_208' title='bbox 956 3744 1053 3789; x_wconf 81' lang='lat' dir='ltr'>contra</span> <span class='ocrx_word' id='word_1_209' title='bbox 1070 3745 1165 3790; x_wconf 84' lang='lat' dir='ltr'>notam</span> <span class='ocrx_word' id='word_1_210' title='bbox 1183 3733 1319 3808; x_wconf 71' lang='lat' dir='ltr'>gallicam.</span> 
     </span>
    </p>

    <p class='ocr_par' dir='ltr' id='par_1_5' title="bbox 253 3825 1321 4066">
     <span class='ocr_line' id='line_1_28' title="bbox 287 3825 1320 3905; baseline -0.008 -18"><span class='ocrx_word' id='word_1_211' title='bbox 287 3833 326 3905; x_wconf 84' lang='lat' dir='ltr'>(a)</span> <span class='ocrx_word' id='word_1_212' title='bbox 343 3832 398 3889; x_wconf 79' lang='lat' dir='ltr'>nte</span> <span class='ocrx_word' id='word_1_213' title='bbox 413 3828 476 3886; x_wconf 87' lang='lat' dir='ltr'>cod.</span> <span class='ocrx_word' id='word_1_214' title='bbox 492 3847 575 3885; x_wconf 73' lang='lat' dir='ltr'>recen</span> <span class='ocrx_word' id='word_1_215' title='bbox 587 3846 651 3894; x_wconf 77' lang='lat' dir='ltr'>reu,</span> <span class='ocrx_word' id='word_1_216' title='bbox 670 3825 814 3883; x_wconf 67' lang='lat' dir='ltr'>maulim</span> <span class='ocrx_word' id='word_1_217' title='bbox 831 3825 1009 3899; x_wconf 74' lang='lat' dir='ltr'>exscriptoris</span> <span class='ocrx_word' id='word_1_218' title='bbox 1023 3826 1159 3881; x_wconf 70' lang='lat' dir='ltr'>oscitatio.</span> <span class='ocrx_word' id='word_1_219' title='bbox 1178 3825 1227 3882; x_wconf 80' lang='lat' dir='ltr'>lle</span> <span class='ocrx_word' id='word_1_220' title='bbox 1239 3842 1320 3880; x_wconf 91' lang='lat' dir='ltr'>men·</span> 
     </span>
     <span class='ocr_line' id='line_1_29' title="bbox 253 3915 1321 4003; baseline -0.007 -27"><span class='ocrx_word' id='word_1_221' title='bbox 253 3921 308 3988; x_wconf 80' lang='lat' dir='ltr'>dre,</span> <span class='ocrx_word' id='word_1_222' title='bbox 328 3939 396 3994; x_wconf 76' lang='lat' dir='ltr'>quas</span> <span class='ocrx_word' id='word_1_223' title='bbox 416 3922 446 3975; x_wconf 91' lang='lat' dir='ltr'>in</span> <span class='ocrx_word' id='word_1_224' title='bbox 466 3929 561 3974; x_wconf 84' lang='lat' dir='ltr'>nostro</span> <span class='ocrx_word' id='word_1_225' title='bbox 580 3916 673 3972; x_wconf 88' lang='lat' dir='ltr'>codice</span> <span class='ocrx_word' id='word_1_226' title='bbox 694 3934 881 4003; x_wconf 68' lang='lat' dir='ltr'>sepenumero</span> <span class='ocrx_word' id='word_1_227' title='bbox 900 3916 1022 3989; x_wconf 86' lang='lat' dir='ltr'>reperire</span> <span class='ocrx_word' id='word_1_228' title='bbox 1042 3926 1097 3983; x_wconf 91' lang='lat' dir='ltr'>est,</span> <span class='ocrx_word' id='word_1_229' title='bbox 1115 3915 1321 3971; x_wconf 79' lang='lat' dir='ltr'>accuratissime</span> 
     </span>
     <span class='ocr_line' id='line_1_30' title="bbox 253 4009 461 4066; baseline -0.01 0"><span class='ocrx_word' id='word_1_230' title='bbox 253 4009 378 4066; x_wconf 72' lang='lat' dir='ltr'>notandae</span> <span class='ocrx_word' id='word_1_231' title='bbox 387 4020 461 4064; x_wconf 80' lang='lat' dir='ltr'>suut.</span> 
     </span>
    </p>

    <p class='ocr_par' dir='ltr' id='par_1_6' title="bbox 288 4097 610 4172">
     <span class='ocr_line' id='line_1_31' title="bbox 288 4097 610 4172; baseline -0.016 -18"><span class='ocrx_word' id='word_1_232' title='bbox 288 4097 326 4172; x_wconf 78' lang='grc'>(5)</span> <span class='ocrx_word' id='word_1_233' title='bbox 345 4098 415 4153; x_wconf 82' lang='lat' dir='ltr'>cod.</span> <span class='ocrx_word' id='word_1_234' title='bbox 428 4103 610 4171; x_wconf 81' lang='lat' dir='ltr'>corepiscopo.</span> 
     </span>
    </p>
   </div>
   <div class='ocr_carea' id='block_1_5' title="bbox 0 0 1591 5280">
    <p class='ocr_par' dir='ltr' id='par_1_7' title="bbox 0 0 1591 5280">
     <span class='ocr_line' id='line_1_32' title="bbox 0 0 1591 5280; baseline 0 0"><span class='ocrx_word' id='word_1_235' title='bbox 0 0 1591 5280; x_wconf 95' lang='lat' dir='ltr'> </span> 
     </span>
    </p>
   </div>
  </div>
 </body>
</html>
