3166 5280
250 406 289 466 40
571 405 765 466 Eltttlattnl
787 404 993 466 EPlSTOLAE.

542 615 670 680 XXVII.
691 617 743 677 ll)
763 616 801 677 N.
826 614 1021 677 comitti.

298 773 491 875 Magnifica
513 791 550 849 et
568 772 775 850 honorabili
796 790 904 876 atque
922 773 1053 847 illustri
1073 772 1153 848 viro
1167 770 1216 845 N.
1235 771 1321 872 glo‘

250 887 347 961 rioso
360 887 484 960 comiti
488 940 500 977 ,
516 886 722 961 Einhardus
737 887 993 986 sempiternam
1005 885 1043 959 in
1055 884 1216 959 Domino
1226 882 1321 956 salu·

250 1020 337 1078 tem.
357 1047 405 1061 —
419 1003 467 1078 N.
487 1031 605 1078 vassus
621 1004 839 1089 dominicus,
864 1003 976 1078 frater
1000 1002 1123 1076 uxoris
1138 1000 1186 1074 N.
1205 999 1322 1076 corni·⁴

250 1122 314 1213 tis,
334 1119 467 1197 morbo
486 1123 619 1223 pedum
634 1138 672 1197 et
687 1137 871 1197 senectute
885 1123 1021 1224 gravis,
1035 1119 1178 1197 volebat
1194 1119 1322 1193 venire

249 1238 295 1311 ad
319 1238 497 1312 domnum
522 1240 778 1339 imperatorem
803 1270 813 1311 ε
840 1238 900 1314 sed
923 1265 998 1313 non
1023 1238 1145 1339 potuit
1167 1249 1322 1336 propter

250 1355 499 1431 infirmitatem
514 1383 627 1432 suam.
647 1360 740 1432 Cum
757 1359 917 1458 primum
935 1358 1099 1459 potuerit
1108 1411 1120 1447 ,
1136 1356 1259 1431 veniet
1275 1353 1322 1428 ad

250 1475 439 1550 servitium
463 1479 549 1576 ejus.
576 1476 728 1551 Interim
749 1477 908 1577 postulat
929 1491 972 1550 ut
991 1473 1060 1549 sibi
1080 1470 1322 1550 liceatbene-

251 1591 373 1664 licium
391 1617 497 1665 suum
514 1591 665 1684 habere,
687 1594 786 1695 quod
805 1594 839 1669 ei
861 1592 1016 1668 domnus
1035 1590 1188 1666 Karolus
1206 1589 1323 1690 impe-

252 1722 353 1782 rator
370 1708 470 1784 dedit
490 1710 528 1783 in
552 1709 780 1812 Burgundio,
810 1712 850 1784 in
875 1736 976 1811 pago.
991 1709 1213 1786 Genawense
1239 1708 1320 1807 (1),

251 1824 472 1927 usquedum
492 1825 552 1901 ille
576 1828 621 1901 ad
641 1827 871 1927 praesentiam
893 1831 968 1927 ejus
988 1826 1149 1916 venerit,
1173 1851 1214 1898 ae
1230 1850 1268 1900 se
1283 1824 1324 1898 in

252 1966 381 2014 manus
397 1944 473 2040 ejus
490 1941 810 2016 commendaverit.
833 1939 924 2014 Mihi
945 1965 1092 2043 quoque
1106 1953 1249 2015 rectum
1266 1938 1324 2040 (a)

253 2073 290 2131 et
307 2056 396 2131 utile
408 2057 552 2132 videtur
568 2074 612 2131 ut
630 2059 679 2132 ita
700 2056 763 2130 fiat
774 2112 785 2146 ,
810 2057 999 2157 sicutipse
1021 2054 1214 2148 desiderat,
1238 2055 1325 2158 quia

253 2171 311 2245 vir
327 2170 499 2246 bonusne
517 2171 676 2273 prudens
693 2186 765 2265 est,
784 2187 821 2247 et
837 2171 947 2247 bonae
958 2171 1064 2244 famae
1077 2169 1325 2245 intervicinos

253 2314 356 2379 suos,
373 2304 410 2362 et
424 2314 488 2364 vos
505 2288 598 2365 bene
616 2289 775 2383 facietis,
793 2288 823 2362 si
845 2316 929 2364 eum
951 2295 989 2362 in
1011 2286 1134 2363 haere
1155 2285 1325 2385 adjurare

253 2403 466 2506 dignemini.
485 2405 583 2506 Optd
599 2422 641 2480 ut
655 2431 796 2506 semper
814 2402 907 2480 bene
923 2403 1068 2478 valeatis
1091 2403 1131 2476 in
1147 2403 1321 2478 Domino.

537 2761 685 2825 XXVIII.
709 2763 760 2824 ΔΙ)
781 2764 818 2824 N.
844 2760 1040 2823 COMITEII.

302 2923 493 3023 Magnifice
502 2937 540 2997 et
552 2921 758 2998 honorabili
771 2939 879 3024 atque
892 2921 1021 2995 illustri
1033 2919 1081 2994 N.
1095 2917 1256 3020 glorioso
1269 2941 1327 2992 oo·

253 3040 349 3129 miti,
360 3038 564 3113 Einhardus
574 3056 748 3114 aeternam
760 3041 798 3114 in
810 3040 969 3115 Domino
979 3039 1142 3113 salutem.
1157 3079 1207 3095 —
1219 3037 1327 3136 Rogo

254 3154 516 3257 benignitatem
536 3171 691 3230 vestrm
714 3173 756 3229 ut
776 3155 873 3229 hunc
887 3159 1061 3257 juvenem
1078 3153 1125 3228 N.
1146 3150 1242 3255 apud
1266 3151 1325 3251 (ὅ)

254 3271 433 3347 domnum
454 3273 709 3373 imperatorem
727 3272 893 3374 adjuvare
910 3273 1132 3376 dignemini,
1156 3284 1198 3345 ut
1215 3269 1329 3345 bene·

255 3387 377 3463 ficium
386 3442 399 3480 ,
417 3388 516 3490 quod
533 3390 608 3491 ipse
623 3406 659 3464 et
673 3389 786 3466 frater
797 3417 881 3464 suus
895 3389 1049 3479 hahent,
1065 3413 1139 3464 non
1157 3385 1324 3488 perdant.

255 3504 399 3582 liabent
417 3507 516 3582 enim
533 3507 572 3582 in
594 3534 686 3610 pago
707 3509 936 3585 Tornaeenee
952 3508 1009 3607 (d)
1033 3531 1176 3580 mansos
1199 3528 1265 3597 xv,
1290 3517 1328 3576 et

289 3749 329 3820 (r)
348 3746 419 3804 Cod.
439 3747 639 3802 Genawensse.

291 3837 332 3910 (a)
349 3837 428 3893 lianc
440 3855 535 3893 vooem
551 3855 617 3894 eum
633 3834 716 3892 editis
729 3834 950 3904 emendationum
967 3834 1028 3891 ood.
1045 3833 1121 3890 enim
1134 3830 1225 3905 prima
1242 3845 1327 3883 manu

256 3936 374 3995 reatum,
393 3927 540 4001 posteriori
553 3944 631 3995 vero,
650 3924 796 3999 expunctis
812 3923 922 3981 duobus
940 3923 1042 3980 litteris
1058 3941 1090 3979 eo
1107 3931 1136 3978 et
1154 3917 1328 3993 superposita

255 4015 347 4072 littera
359 4036 389 4082 a,
406 4027 506 4072 ratum.

291 4105 331 4178 (5)
347 4107 417 4163 Cod.
433 4118 510 4181 apul.

289 4198 327 4267 ll)
344 4197 415 4254 Cod.
436 4199 627 4255 Turnncense.
