3166 5280
250 483 291 544 52
568 478 760 540 ElNHlsllDl
784 477 990 538 EPISTOLAE.

249 601 398 673 fratrem
421 597 610 699 quemdam
637 600 695 698 (1)
722 598 819 671 inter
849 622 932 685 eos,
969 596 1179 696 proximum
1205 594 1321 685 milri,

251 713 320 787 sibi
340 740 492 815 praeesse
507 729 748 814 optaverunt,
763 716 934 812 juvenem
952 710 1099 812 quidem
1116 727 1243 797 estote,
1260 710 1323 785 sed

250 831 435 919 moribus,
464 848 504 904 ut
537 848 650 932 puto,
681 858 803 905 senem
816 860 826 918 ;
860 836 961 931 cujus
991 830 1204 932 progeniem
1229 827 1323 905 bene

250 953 366 1038 nosti,
394 953 470 1050 [est
493 951 615 1049 enim]
635 950 729 1023 filius
755 950 802 1023 N.
835 951 947 1024 frater
975 949 1023 1022 N.
1054 964 1091 1024 et
1119 950 1324 1023 multorum

248 1066 430 1142 nobilium
446 1067 646 1166 proximus.
667 1066 784 1159 Quem
804 1066 1049 1140 Wormutiam
1071 1065 1225 1164 [fratres
1242 1089 1325 1138 nos·

250 1188 297 1259 tri
331 1184 481 1285 tuique]
515 1182 727 1257 direxerunt
754 1198 810 1272 et,
838 1184 955 1257 adhuc
987 1183 1130 1258 vivente
1152 1183 1210 1280 (α)
1242 1208 1301 1255 me
1310 1235 1322 1269 ,

249 1305 337 1377 dum
362 1302 410 1374 N.
437 1327 495 1375 me
518 1302 662 1376 visitare
677 1300 843 1402 dignatus
863 1318 918 1375 est
929 1356 941 1390 ,
960 1314 1177 1401 praesentem
1191 1299 1324 1399 [eum]

250 1419 611 1495 commendaverunt.
643 1419 714 1512 Qui
742 1418 844 1494 valde
875 1434 1021 1492 etcum
1050 1416 1176 1491 multis
1203 1415 1327 1518 lacryss

250 1538 341 1626 mis,
366 1535 456 1610 mihi
478 1537 533 1611 vel
554 1537 770 1637 propinquis
789 1537 892 1625 meis,
916 1536 1077 1610 adstante
1099 1534 1147 1609 N.
1165 1534 1323 1621 comite,

249 1655 418 1755 promisit
422 1710 511 1727 ......
538 1680 684 1756 quoque
704 1653 762 1754 (3)
776 1653 822 1726 N.
840 1652 1008 1755 precibus
1029 1652 1236 1753 compulsus
1256 1677 1327 1725 an·

252 1773 334 1845 nuit
347 1771 466 1873 quod,
480 1772 507 1844 si
526 1771 623 1872 apud
639 1774 755 1846 Deum
772 1771 909 1845 factum
926 1772 993 1861 sit,
1011 1773 1128 1871 ipsum
1147 1770 1230 1845 loco
1243 1795 1327 1843 meo

251 1903 434 1988 optassent
452 1889 524 1988 (4).
554 1888 659 1962 Unde
687 1903 893 1978 memento,
926 1887 1154 1978 dulcissime,
1184 1903 1228 1960 ut
1256 1886 1327 1965 hoc

218 2028 223 2039 “
252 2031 329 2080 non
346 2004 554 2095 differatur,
574 2005 636 2079 scd
652 2020 695 2077 ut
712 2005 776 2080 liat
796 2008 950 2080 maxime
975 2005 1104 2081 adhibe
1127 2020 1325 2081 certamen.

252 2125 363 2200 Mitto
373 2124 523 2225 pallium
534 2151 663 2214 unum,
675 2123 775 2226 quod
784 2126 841 2224 (5)
852 2151 943 2226 rogo
957 2123 1131 2198 fratribus
1142 2124 1185 2197 ad
1196 2124 1234 2197 S.
1248 2124 1329 2197 Ser·

253 2242 391 2314 vatium
407 2240 484 2313 dari
506 2239 653 2340 jubeas,
675 2258 715 2314 ut
731 2243 802 2316 mci
823 2243 1048 2317 mentionem
1066 2240 1213 2315 faciunt.
1235 2241 1329 2314 ‘l’uae

255 2360 394 2434 caritati
412 2359 553 2433 mulum
576 2387 697 2434 meum
716 2359 793 2433 duri
811 2360 978 2460 praecepi.
997 2363 1124 2448 lmma,
1143 2383 1249 2434 soror
1267 2358 1330 2432 di-

256 2477 467 2566 lectissima,
498 2477 552 2551 his
579 2493 656 2552 esto
677 2477 853 2577 adjutrix,
881 2478 1020 2580 tibique
1047 2479 1204 2552 animum
1226 2501 1332 2550 oom-

256 2592 409 2669 mendo!
441 2595 520 2667 Jam
551 2594 654 2696 plura
687 2592 788 2695 loqui
818 2595 979 2695 angustia
1014 2619 1092 2667 nou
1123 2592 1329 2693 permittit,

253 2726 412 2786 attamen
431 2712 587 2784 ausimum
606 2737 723 2786 meam
741 2711 873 2785 iterum
890 2710 1058 2813 precibus
1075 2710 1203 2784 vestris
1224 2736 1331 2785 com-

256 2828 401 2904 mendo.

300 3060 449 3126 xxxin.
474 3063 524 3123 Al)
546 3062 581 3122 N.
604 3061 789 3123 COMITEM
810 3063 860 3123 ET
882 3065 918 3125 N.
944 3064 1136 3139 JUDICEM,
1159 3064 1293 3127 Missos

680 3162 906 3226 DOMINICOS.

311 3324 460 3399 llilectis
482 3325 520 3399 in
538 3324 683 3401 Christo
701 3325 876 3401 tratribus
892 3344 930 3404 et
950 3329 1093 3417 amicis,
1118 3328 1164 3402 N.
1183 3329 1332 3416 comiti,

298 3575 338 3644 (ι)
355 3570 534 3645 Codsrater
545 3571 669 3645 quidam.

298 3663 338 3734 (n)
355 3660 426 3717 Cod.
440 3663 588 3716 viventem.

298 3750 338 3827 (3)
356 3752 420 3809 Vox
433 3771 542 3826 quoque
554 3751 589 3807 ab
602 3750 671 3808 edit.
685 3751 867 3825 pretermissa
880 3752 909 3806 iu
922 3751 985 3807 cod.
1000 3751 1132 3807 distincte
1148 3750 1268 3824 legitur;
1287 3752 1337 3807 sed

263 3860 296 3897 es
308 3859 369 3917 qun
382 3841 507 3914 proxime
520 3839 667 3914 precedit,
680 3849 785 3914 septem
799 3839 901 3895 litteris
911 3841 1023 3895 circiter
1034 3849 1177 3908 constans,
1188 3838 1337 3896 oculorum

264 3931 353 3987 aciem
367 3931 478 4004 penitus
490 3926 598 4004 effugit.

300 4021 340 4090 (A)
357 4020 412 4075 llic
421 4017 507 4087 locus,
523 4037 538 4074 ι
551 4018 642 4073 verbis
642 4017 728 4092 filius
737 4016 788 4085 N„
803 4035 902 4092 magua
915 4028 993 4090 parte
1006 4027 1156 4091 corruptus
1167 4026 1218 4084 est,
1230 4027 1260 4073 et
1268 4034 1339 4092 pre·

266 4118 351 4175 teres‚
361 4127 426 4164 cum
439 4127 491 4183 per
500 4108 551 4163 has
565 4106 668 4163 similes
685 4106 790 4162 litteras
809 4106 842 4162 N.
855 4108 934 4164 rane
953 4124 1076 4181 persone
1088 4104 1281 4180 designentur,
1293 4106 1340 4162 vix

267 4196 386 4268 intelligi
401 4205 499 4270 potest.

300 4285 340 4359 (5)
356 4287 426 4344 Cod.
441 4305 580 4359 quem...
595 4288 673 4343 dare.
