3166 5280
249 390 308 449 tae
471 386 653 457 HISTORIA
675 384 986 462 Tutusuartouls‚
1009 406 1088 449 ltro.-

250 519 402 578 stantem
417 501 549 577 habens
567 520 728 602 pontem.
744 504 799 576 Ad
813 530 920 603 quem
934 506 1139 596 venientes,
1156 518 1297 604 propter

250 618 536 709 multitudinem,
553 647 634 720 quae
654 646 720 694 nos
737 646 893 721 eousque
908 619 952 694 de
967 621 1099 722 palatio
1112 646 1298 722 prosequo-

250 738 373 822 batur,
385 740 529 836 jamque
547 737 661 809 redire
677 734 840 823 volebat,
864 751 905 809 ut
921 737 1046 812 orandi
1066 739 1189 813 locum
1204 735 1299 811 lube·

250 871 324 941 ret,
347 880 538 952 parumper
562 856 801 927 constitimus.
823 854 874 926 lbi
893 855 1036 956 quidam
1054 856 1099 930 de
1117 854 1299 930 orantibus

250 971 416 1045 eumalio
433 968 476 1042 ad
494 971 659 1070 reliquias
671 969 852 1060 accedens,
871 972 1078 1073 sociumque
1087 970 1298 1073 respicient:

252 1120 269 1156 α
280 1090 432 1185 Propter
443 1089 873 1188 amorem,inquit,atque
884 1087 1058 1163 honorem
1069 1088 1174 1188 hujus
1181 1088 1301 1175 uncti,

250 1232 322 1279 tere
335 1206 475 1292 alieno,
493 1206 752 1305 propterquod
767 1219 802 1279 te
814 1205 901 1277 mihi
922 1203 1119 1280 obnoxium
1140 1230 1216 1279 esse
1230 1230 1301 1279 nou

253 1325 409 1422 ignoras,
418 1321 578 1396 absolvo.
592 1357 610 1389 u
624 1321 784 1396 Debebut
800 1323 897 1396 enim
909 1323 956 1412 ei,
973 1338 1014 1394 ut
1027 1322 1099 1422 ipse
1111 1320 1301 1407 fatebatur,

252 1438 438 1525 dimidiam
451 1440 588 1538 argenti
607 1438 759 1523 libram.¹
774 1440 933 1539 ltemque
948 1438 1037 1511 alter
1051 1440 1189 1511 socium
1204 1460 1303 1511 auum

254 1581 362 1627 manu
379 1554 678 1655 comprehensum
693 1552 736 1625 ad
752 1553 918 1653 reliquias
938 1554 1100 1628 trahens:
1117 1554 1304 1641 «Patrem,

252 1675 319 1761 ait,
339 1700 457 1746 meum
482 1672 661 1763 occidisti,
695 1697 736 1744 ac
760 1671 912 1771 proinde
942 1673 1078 1745 inimici
1100 1696 1242 1747 eremus
1263 1662 1307 1743 ed

253 1790 406 1863 invicem
421 1819 432 1877 ς
451 1815 549 1863 nunc
564 1806 703 1876 autem,
729 1802 878 1888 propter
893 1812 1051 1861 amorem
1063 1804 1172 1888 atque
1188 1784 1308 1861 bono·

253 1932 329 1978 rem
346 1906 434 1994 Dei,
459 1923 495 1978 et
512 1903 616 2002 hujus
639 1907 770 1992 saneti,
794 1903 951 2004 deposita
969 1903 1168 1996 simultate,
1188 1900 1308 1976 soedm

254 2039 371 2095 tecum
394 2025 545 2121 jungere
575 2039 682 2122 atque
701 2022 792 2094 inire
808 2023 912 2109 volo,
939 2037 980 2093 ut
995 2019 1127 2093 abhinc
1148 2019 1187 2092 in
1209 2020 1310 2091 futu·

255 2166 335 2212 rum
363 2156 534 2240 perpetue
562 2141 739 2212 internos
760 2140 912 2212 amicitia
938 2153 1169 2239 permaneat:
1193 2139 1309 2238 sitque

255 2256 312 2328 hic
334 2257 483 2330 Sanctus
509 2257 685 2331 condictae
713 2259 749 2329 in
771 2258 924 2330 invioem
942 2256 1099 2330 caritatis
1128 2256 1246 2345 testie,
1272 2268 1310 2329 et

257 2372 354 2445 ultor
371 2374 407 2446 in
426 2400 525 2461 eum,
544 2375 605 2474 qui
631 2373 721 2446 banc
739 2399 859 2471 pacem
881 2374 980 2472 prior
1006 2373 1209 2472 irrumpere
1230 2385 1311 2444 ten·

258 2490 402 2562 taveritl
423 2522 441 2560 n

303 3087 363 3155 31.
385 3082 451 3152 Ηὶο
466 3080 523 3153 illa
543 3080 667 3172 turba,
686 3062 768 3182 q'uae
786 3079 974 3154 nobiseum
987 3078 1033 3155 de
1048 3080 1181 3179 palatio
1193 3080 1314 3153 sumt

256 3224 413 3298 egressa,
434 3197 587 3270 adoratis
601 3213 707 3297 atque
723 3199 889 3271 osculatis
903 3198 1009 3271 sooria
1026 3197 1187 3299 reliquiis
1196 3251 1208 3284 ,
1227 3222 1311 3270 cum

257 3313 379 3385 multis
418 3312 602 3412 lacrymis,
639 3341 725 3413 quas
767 3341 843 3412 prae
876 3314 990 3387 nimio
1015 3313 1145 3413 gaudio
1189 3314 1313 3389 eonti-

260 3432 373 3503 tinere
393 3455 466 3503 uon
481 3446 641 3528 poterat,
658 3430 805 3504 domum
822 3433 1016 3504 revertitur
1031 3460 1041 3503 ε
1057 3431 1124 3504 ulia
1140 3430 1315 3503 multitu-

256 3547 362 3635 dine,
385 3572 466 3647 quoe
486 3545 534 3619 ibi
553 3546 658 3620 nobie
679 3545 858 3633 obviavit,
878 3574 944 3620 nos
969 3548 1184 3633 eomitante,
1203 3560 1315 3649 etqoe

258 3664 515 3764 Kyrieeleison
531 3665 607 3737 sine
631 3665 893 3738 intermissione
918 3678 1100 3751 cantante,
1128 3686 1243 3765 utque
1269 3664 1315 3737 nd

258 3811 340 3857 eum
353 3783 491 3871 locum,
512 3783 549 3855 in
570 3809 644 3882 quo
657 3780 885 3856 similimodo
895 3780 939 3854 ab
952 3781 1028 3853 aliis
1039 3778 1315 3879 occurrentibus

258 3899 540 4000 excipiebamur3
555 3926 636 4001 quae
651 3916 737 3972 tunc
754 3901 931 3989 similiter,
943 3915 984 3971 ut
1001 3898 1114 3998 prior,
1129 3898 1315 3997 supplim-

259 4022 357 4091 tione
373 4017 477 4103 facta,
492 4018 536 4091 ad
550 4045 609 4090 sua
623 4043 762 4091 reversa
778 4032 844 4090 est.
864 4018 940 4090 Hoc
951 4015 1059 4091 modo
1071 4040 1137 4113 per
1152 4012 1315 4115 singulo·

257 4135 348 4219 dies,
369 4162 386 4203 a
411 4137 523 4230 prima
545 4136 623 4207 lnce
641 4132 813 4235 usquead
831 4158 1029 4232 vesperam,
1055 4127 1315 4205 comitantibus
