3166 5280
351 787 745 903 EINHARDI
789 784 1214 903 EPISTOLAE.

716 1086 850 1097 ——n—-a

431 1286 666 1365 LIBELLUS
693 1287 1040 1365 EPISTOLARUM
1066 1278 1081 1374 (
1108 1277 1136 1374 ).

593 1494 618 1551 1.
643 1493 693 1552 sn
716 1491 911 1552 suscrsun
924 1497 978 1568 (2).

297 1668 560 1741 Dtnscrrssuso
576 1665 615 1737 in
634 1663 781 1742 Christo
795 1664 918 1752 fratri,
935 1663 1088 1763 Ansgiso
1102 1660 1323 1749 venerabili,

250 1784 505 1883 sempiternam
524 1783 561 1855 in
577 1782 736 1855 Domino
753 1781 917 1854 salutem.
928 1779 1142 1853 -Obsecro
1157 1777 1327 1853 dilectio·

250 1927 335 1974 nem
354 1915 455 1971 tunm
471 1915 527 1990 ut,
542 1924 617 1971 non
634 1899 806 1998 graviter,
822 1897 883 1970 sed
903 1897 1024 1995 potius
1040 1895 1329 1971 misericorditer

250 2033 287 2090 et
311 2013 560 2102 amicabiliter,
589 2021 749 2114 accipere
774 2014 932 2115 digneris
955 2013 1055 2114 quod
1077 2014 1135 2113 (5)
1163 2040 1232 2113 pro
1256 2042 1330 2088 ne-

251 2134 414 2206 cessitate
432 2132 580 2230 [istius]
602 2132 658 2232 (4)
676 2131 860 2233 quondam
883 2129 1041 2204 hominis
1059 2132 1198 2224 nostri,
1225 2158 1332 2205 nunc

252 2265 372 2323 autem
399 2247 556 2322 hominis
578 2247 704 2321 domni
728 2247 907 2322 lllotharii
934 2247 1011 2346 (5),
1038 2247 1133 2347 apud
1155 2264 1189 2322 te
1212 2248 1330 2320 inter-

252 2366 361 2453 cedo,
388 2383 428 2438 ut
452 2392 534 2439 eum
557 2364 796 2451 beneficium,
824 2363 924 2465 quod
951 2390 1018 2465 ego
1049 2363 1101 2435 illi
1129 2363 1231 2450 dedi,
1257 2363 1331 2436 sub

252 2482 507 2584 qualicumque
534 2482 632 2581 lege,
663 2481 756 2552 sicut
784 2478 851 2552 tibi
877 2480 1054 2579 placuerit
1082 2480 1161 2578 (6),
1193 2477 1330 2553 habere

252 2599 460 2699 permittas,
479 2594 696 2697 usquedum
714 2622 780 2670 nos
799 2595 851 2668 illi
867 2595 911 2671 de
928 2595 1042 2669 altero
1064 2593 1261 2680 beneficio,
1282 2622 1326 2668 ex

287 2891 327 2959 (r)
345 2888 391 2943 Sic
404 2888 433 2941 in
446 2885 601 2940 cod-lle
613 2885 669 2939 hoc
680 2886 764 2939 unico
778 2884 883 2951 codice,
892 2884 1034 2959 quondam
1047 2883 1239 2951 laudunensi,
1249 2902 1328 2939 nunc

254 2980 332 3052 regio
345 2978 431 3032 Paris.
445 2975 537 3049 suppl.
552 2976 601 3030 lat.
619 2973 686 3041 534,
700 2973 735 3029 ad
748 2976 827 3045 cnjus
845 2973 928 3028 tidem
943 2975 993 3029 has
1007 2975 1137 3048 epistolas
1149 2974 1326 3043 recudimus,

252 3065 327 3121 etde
340 3066 457 3132 satione,
471 3081 557 3137 quarn
567 3064 596 3116 in
609 3062 664 3116 illis
673 3061 788 3116 edendis
801 3062 889 3116 secuti
900 3081 1005 3131 sumus,
1019 3063 1119 3119 videsis
1130 3064 1329 3139 prolegomena

253 3154 421 3210 nostra.ch
432 3152 534 3207 dixisse
548 3150 664 3205 sufficiat
675 3152 916 3226 quotiescumque,
929 3162 1021 3208 textus
1030 3153 1138 3210 facilius
1151 3154 1329 3227 intelligendi

255 3245 355 3319 gratia,
366 3243 483 3298 verbnm
490 3240 532 3296 vel
540 3239 756 3307 emendandum,
766 3241 809 3294 vel
818 3241 1036 3312 immutandum,
1046 3244 1089 3300 vel
1099 3247 1183 3300 ctiam
1192 3242 1330 3315 adjicien·

253 3335 322 3390 dnm
333 3332 414 3388 nobis
425 3333 515 3387 visum
528 3341 584 3397 est,
599 3329 634 3385 de
648 3331 703 3384 hoc
716 3349 825 3405 semper
837 3331 969 3389 lectorem
984 3335 1155 3391 monendum
1168 3352 1218 3389 nos
1230 3333 1329 3389 sedulo

254 3425 404 3491 curavisse,
419 3433 448 3477 et
465 3424 496 3476 in
516 3423 590 3477 notis
605 3423 694 3476 sarias
706 3422 810 3477 codicis
821 3441 870 3479 seu
883 3426 968 3480 etiam
988 3427 1170 3500 pristinorum
1186 3426 1329 3481 editorum

254 3513 387 3569 lectiones
401 3510 522 3567 fideliter
537 3509 672 3565 retulisse.

289 3607 328 3677 (α)
342 3604 391 3659 llae
397 3601 579 3676 epistolarum
591 3601 798 3675 inscriptiones,
810 3620 878 3677 quas
886 3605 988 3679 cuique
995 3604 1165 3672 addidimus,
1177 3614 1209 3658 ut
1220 3601 1329 3658 facilius

254 3713 299 3751 eas
312 3693 480 3759 consuleres,
492 3693 521 3747 in
533 3691 629 3748 codice
642 3709 697 3747 non
707 3702 826 3747 exstant.

289 3781 329 3854 (3)
345 3781 417 3838 Cod.
431 3792 461 3837 et
471 3780 541 3837 edit.
555 3802 583 3855 q.
599 3780 678 3853 apud
692 3791 717 3835 te
728 3802 756 3854 p.
773 3782 867 3837 Verba
880 3782 960 3856 apud
974 3794 1014 3850 te,
1032 3783 1126 3856 paucis
1139 3792 1201 3855 post
1215 3779 1329 3835 vocibus

255 3876 386 3948 repetita,
400 3873 578 3946 exscriptoris
589 3872 746 3927 oscitationi
760 3872 910 3928 tribuenda
921 3884 987 3929 sunt
1000 3883 1029 3928 et
1041 3870 1104 3927 ideo
1116 3870 1309 3945 expungenda.

290 3967 330 4035 (l)
350 3964 445 4020 Verba
459 3964 540 4018 nncis
553 3963 658 4018 inclusa
666 3963 696 4017 in
709 3963 804 4020 codice
817 3964 1022 4020 desiderantur.

290 4052 329 4123 (5)
347 4053 418 4109 Cod.
434 4052 576 4120 lotharii,
588 4050 636 4107 sed
647 4052 696 4107 inf.
708 4052 867 4123 illotarius,
881 4053 1080 4118 Hludcwicus,
1094 4060 1122 4105 et
1135 4051 1174 4105 sic
1187 4050 1326 4123 deinceps.

291 4143 330 4214 (6)
349 4145 397 4199 He
409 4156 530 4217 quatuor
541 4162 619 4200 rooes
633 4146 652 4199 l.
664 4164 687 4199 s,
704 4155 722 4198 t.
736 4167 765 4217 p.
779 4164 848 4220 quas
858 4145 929 4202 bene
940 4140 1065 4200 oculatos
1079 4140 1184 4197 ridebis
1196 4144 1226 4197 iu
1239 4141 1330 4199 coda

257 4234 381 4306 pristinis
391 4234 546 4288 editoribus
556 4237 661 4289 omissas
674 4235 799 4290 luerunt.
