3090 5302
243 428 303 487 356
464 424 648 485 HISTORIA
670 424 990 501 tusustsnosts,
1012 448 1076 489 nrt.

240 546 368 621 medici
396 572 516 647 graeco
550 544 726 619 vocabulo
758 574 932 647 spasmon
957 548 1165 648 appellant,
1199 548 1303 625 latine

240 680 379 751 autem,
401 660 446 733 ab
465 661 600 733 assidua
613 660 862 735 membrorum
878 662 1089 761 agitatione,
1111 664 1303 739 tremulosa

241 807 315 855 uon
341 781 539 879 incongrue
564 780 685 855 vocari
714 795 861 879 potest,
890 782 990 853 venit
1016 780 1054 854 in
1084 780 1301 857 basilicam:

238 914 346 999 atquc
362 898 397 970 in
416 896 531 969 media
546 898 668 995 populi
688 896 814 983 turba,
833 922 916 998 quae
929 895 973 969 ad
986 896 1164 973 audienda
1179 900 1304 973 missa-

237 1042 321 1087 rum
338 1014 530 1101 solemnia,
556 1028 597 1086 ut
613 1014 650 1085 in
667 1014 725 1087 die
744 1014 937 1089 Dominico
957 1014 1071 1089 moris
1089 1032 1164 1105 est,
1191 1016 1304 1091 ssent

237 1148 473 1233 congregata,
493 1132 669 1204 constitit.
693 1132 876 1232 Cumque,
895 1146 978 1231 post
993 1133 1183 1207 recitatam
1195 1134 1305 1207 Evan-

236 1249 319 1350 gelii
354 1250 565 1335 lectionem,
606 1248 812 1321 christiano)
843 1246 1065 1322 credulitatis
1097 1246 1304 1351 symbolum

237 1370 471 1453 recitaretur,
487 1365 704 1439 tremulosus
723 1364 783 1437 ille
798 1362 921 1437 subito
934 1364 979 1437 ad
996 1380 1133 1439 terram
1144 1368 1301 1453 corruit,

234 1500 273 1557 et
282 1483 370 1556 dum
385 1480 550 1554 (lirinum
564 1480 722 1556 ollicium
732 1480 931 1581 peragitur,
949 1505 1042 1579 pene
1058 1478 1304 1555 immobilius

236 1614 384 1676 mortuo
408 1623 517 1699 quam
543 1597 677 1671 viventi
700 1594 854 1669 similior
882 1596 1014 1697 jacuit3
1048 1598 1244 1699 multoque
1263 1624 1302 1671 ex

237 1715 385 1790 naribus
404 1717 479 1813 ejus
502 1713 674 1813 sanguine
690 1727 879 1801 manente,
897 1727 979 1813 post
1002 1712 1230 1815 completum
1249 1740 1304 1787 ss-

236 1858 339 1904 erum
357 1830 536 1917 officium,
552 1855 634 1901 cum
651 1854 781 1929 magna
798 1827 1034 1927 inspectantis
1050 1828 1181 1929 populi
1197 1828 1301 1903 admi-

235 1949 399 2036 ratione,
419 1973 524 2019 sanus
540 1972 580 2018 ac
593 1948 670 2019 sine
684 1946 755 2019 ulla
771 1944 1011 2043 trepidatione
1025 1948 1203 2021 surrexit.
1220 1944 1302 2019 Fac·

238 2083 315 2139 tum
329 2081 382 2138 est
403 2062 472 2137 hoc
488 2064 701 2135 miraculum
723 2062 864 2136 decimo
880 2078 1010 2137 octavo
1021 2062 1195 2139 kalendas
1209 2062 1299 2164 julii,

233 2182 295 2256 die
307 2180 516 2269 dominico,
532 2181 627 2253 sieut
644 2178 806 2277 superius
823 2178 1126 2279 comprehensum
1138 2196 1209 2257 est.

286 2668 347 2743 86.
375 2663 510 2758 Quarta
544 2676 663 2735 autem
696 2660 811 2749 seria,
840 2660 876 2735 id
900 2676 979 2749 est,
1004 2662 1150 2741 decimo
1176 2664 1299 2767 quinto

236 2780 403 2856 kalendas
415 2778 521 2879 julii,
542 2801 633 2877 puer
648 2776 818 2877 quidam,
841 2776 989 2852 nomine
1002 2776 1248 2869 folchuinus,
1259 2778 1299 2853 de

236 2895 457 2972 monasterio
474 2891 574 2994 quod
589 2891 830 2965 Meldradium
847 2906 1011 2983 vocatur,
1029 2894 1095 2993 qni
1119 2911 1202 2970 erat
1222 2920 1300 2969 ‹sss-

235 3014 337 3085 ribus
364 3036 404 3083 ac
427 3005 577 3107 pedibus
602 3004 796 3079 miserabili
821 3008 1073 3083 contractione
1100 3008 1297 3097 distortor,

236 3132 362 3205 eodem
373 3129 411 3200 in
420 3127 522 3215 loco,
537 3149 658 3199 coram
670 3125 771 3197 omni
780 3123 919 3225 populo
927 3178 939 3213 ,
951 3140 1098 3199 curatus
1105 3144 1178 3203 est.
1190 3126 1300 3203 llnds·

236 3253 331 3323 cimo
343 3245 508 3320 kalendas
522 3243 605 3343 julii
622 3244 723 3316 scuit
744 3242 889 3344 quidam
912 3241 1024 3319 bomo
1041 3244 1088 3319 ad
1103 3246 1297 3331 eeclesiam,

235 3386 272 3443 ct
296 3370 557 3440 interemtores
580 3361 747 3451 intravit,
777 3364 877 3460 eujus
898 3359 1024 3435 dextra
1046 3388 1180 3437 manus
1199 3360 1298 3437 simul

235 3510 318 3557 cum
329 3478 478 3553 brachio
489 3476 600 3553 modo
616 3475 772 3549 mirabili
787 3474 1002 3549 movebatur
1012 3475 1050 3551 in
1061 3502 1216 3581 gyrum,
1226 3478 1297 3553 sesi

234 3603 368 3678 molam
390 3614 530 3673 vertere
550 3594 720 3683 deberet,
745 3595 854 3695 idque
871 3594 1091 3671 incessanter
1114 3594 1299 3699 egelntls

233 3717 399 3805 dicebat,
423 3713 473 3790 ob
496 3714 565 3787 boe
589 3711 658 3785 sibi
683 3712 774 3785 hauc
800 3710 1091 3814 inquietudinem
1117 3714 1297 3799 midine.

233 3838 318 3941 quia
344 3835 402 3909 ‹lie
428 3832 615 3907 [lominica
640 3848 766 3906 contra
792 3832 945 3906 uetitum
967 3830 1150 3924 moleret3
1177 3848 1216 3910 et
1232 3836 1299 3933 js·

233 3982 370 4031 annum
392 3954 574 4051 integrum
600 3952 786 4026 evolutum
814 3974 910 4040 esse,
937 3976 981 4023 ex
998 3974 1077 4051 quo
1099 3946 1297 4052 huiumed

235 4098 343 4173 poena
373 4070 565 4143 mulctatus
591 4081 657 4141 cst.
686 4067 756 4162 Qui
785 4092 868 4139 cum
893 4064 937 4139 ad
962 4092 1078 4141 sacras
1099 4068 1298 4171 blsrtym

232 4186 401 4287 reliquias
418 4184 682 4285 appropiasset,
701 4181 823 4283 ibique
841 4180 996 4258 fideliter
1007 4208 1071 4259 eos
1092 4184 1295 4267 invocasset,
