3090 5302
239 419 299 474 200
470 414 651 475 utS'rolttl
674 413 990 487 Tutustltlouls,
1014 436 1076 476 ιτα.

240 548 356 605 torem
370 531 543 621 directos,
562 531 624 604 illo
643 531 740 603 brevi
760 558 833 604 esse
851 547 1033 604 venturos.
1051 534 1175 633 ltaque
1195 535 1296 607 ceriti

237 649 281 721 «le
295 648 448 723 adventu
468 649 613 722 illorum
631 647 764 748 aliquid
784 647 850 719 sibi
867 648 1107 737 incommodi,
1122 649 1296 722 ueletiam

239 764 483 865 impedimenti
502 763 660 837 accidere
674 790 794 863 posse,
811 765 838 835 si
855 792 891 839 se
905 763 953 837 ibi
969 765 1296 864 deprehenderent,

236 879 471 953 decreverunt
488 898 528 952 ut
543 882 688 981 quidam
702 908 745 953 ex
763 882 811 954 eis
825 880 1010 972 abeundo,
1024 880 1222 956 adventum
1234 909 1297 956 eo·

236 1025 318 1070 rum
332 998 533 1073 festinando
551 1000 796 1098 praevenirent
805 1028 815 1086 ;
831 1000 891 1070 alii
905 1000 942 1072 in
954 1000 1036 1073 loco
1049 1015 1297 1086 remanerent,

237 1134 273 1189 ct
290 1145 329 1191 re
342 1117 386 1191 de
403 1144 472 1217 qua
491 1117 633 1190 solliciti
651 1134 754 1189 erant
767 1115 957 1216 diligenter
978 1117 1203 1215 investigata,
1219 1133 1301 1215 post

238 1236 446 1308 corumdem
471 1235 670 1334 legatorum
699 1231 904 1304 abscessum·
926 1234 1040 1305 socios
1071 1258 1177 1321 suos,
1208 1259 1299 1333 quos

237 1355 502 1453 praemiserant,
518 1354 618 1452 sequi
638 1366 886 1449 properarent.
902 1350 994 1422 Cum
1013 1351 1061 1422 ita
1074 1351 1171 1424 inter
1183 1376 1245 1424 eos
1256 1349 1298 1423 de

239 1470 301 1541 liac
314 1497 353 1542 re
366 1470 602 1555 constitisset,
617 1466 802 1540 Densdona
817 1493 898 1538 cum
912 1465 1124 1568 presbytero
1136 1465 1296 1541 Hildoini

237 1586 369 1684 legatos
384 1589 494 1659 Roma
511 1587 692 1658 venientes
710 1584 914 1683 praecessit,
930 1596 966 1656 et
979 1582 1175 1683 Augustam
1193 1583 1297 1657 suc-

236 1705 457 1800 sionum(a),
474 1701 535 1774 ubi
548 1701 757 1774 Hildoinum
776 1726 848 1772 esse
858 1699 1017 1787 rebatur,
1029 1716 1163 1801 quanta
1178 1702 1298 1800 potuit

235 1820 465 1892 testinatione
483 1817 688 1903 coutendit3
708 1816 886 1889 Ratlcicus
906 1843 992 1890 vero
1008 1842 1091 1889 cnm
1109 1814 1295 1904 thesauro,

237 1961 344 2035 quem
357 1961 477 2007 secum
493 1931 661 2019 habebat,
677 1934 794 2031 Papiae
809 1934 998 2019 remansit,
1013 1949 1222 2033 exspectans
1232 1934 1297 2008 do·

240 2080 304 2125 nec
318 2053 420 2153 legati
435 2051 533 2126 Sedis
549 2050 767 2149 Apostolicae
784 2050 1026 2149 praeterirent,
1039 2064 1093 2136 ut,
1105 2049 1176 2123 illis
1192 2050 1298 2151 Alpes

238 2170 480 2268 transgressis,
511 2168 604 2241 viam
633 2193 731 2238 suam
755 2167 912 2239 securius
937 2192 1082 2266 carpere
1109 2168 1294 2266 potuisset.

236 2287 379 2361 Veritus
397 2287 515 2385 itaque
535 2312 580 2358 ne
594 2281 783 2384 presbyter
801 2283 983 2371 Hildoini,
1001 2284 1065 2384 qui
1083 2309 1167 2356 cnm
1184 2284 1297 2358 Deus·

235 2404 329 2478 dona
359 2417 606 2503 precesserat,
632 2401 767 2500 quique
790 2402 976 2487 omnium,
1008 2426 1090 2500 quae
1117 2399 1212 2500 apud
1238 2428 1296 2475 eos

236 2538 330 2620 gesta
348 2521 402 2593 vel
427 2535 572 2592 tractata
597 2517 758 2605 fuerant,
781 2517 977 2615 plenariam
994 2530 1102 2615 atque
1119 2518 1295 2618 integram

235 2639 402 2711 notitiam
432 2635 604 2723 habebat,
635 2637 717 2736 quia
746 2633 844 2705 vafer
875 2660 915 2705 ac
940 2632 1089 2707 lubricae
1122 2632 1205 2708 fidei
1240 2637 1297 2708 vi·

236 2753 404 2843 debatur,
439 2753 577 2854 aliquid
603 2750 847 2850 impedimenti
872 2748 940 2821 sibi
967 2751 1004 2824 in
1028 2752 1102 2838 via,
1140 2778 1211 2853 qna
1245 2754 1296 2827 ire

236 2870 448 2969 dispositum
466 2867 643 2954 habebat,
663 2866 858 2938 machinari
882 2864 1081 2954 debuisset,
1102 2866 1212 2941 altera
1228 2867 1293 2942 sibi

235 2988 395 3061 eundum
425 2985 623 3083 judicavit,
657 2986 836 3083 missoque
867 2983 911 3056 ad
959 3010 1016 3056 me
1051 2988 1294 3082 procuratoris

234 3107 348 3178 nostri
365 3101 495 3175 Ascolli
515 3128 628 3201 puero
642 3128 722 3173 cuin
751 3101 878 3174 litteris
902 3099 1035 3200 quibus
1048 3128 1107 3175 me
1123 3119 1161 3176 et
1176 3101 1222 3177 de
1237 3130 1294 3177 re·

232 3222 396 3295 versione
411 3247 490 3304 sua,
512 3221 603 3291 etde
621 3218 788 3291 allatione
804 3217 978 3304 thesauri,
996 3245 1105 3318 quem
1122 3218 1293 3293 divinitus

225 3337 372 3435 adjutus
400 3337 602 3420 invenerat,
625 3350 764 3407 certum
790 3334 961 3419 efficeret,
987 3335 1080 3432 ipse,
1102 3349 1291 3436 postquam

231 3456 413 3527 Romanos
427 3478 470 3522 ex
488 3453 691 3547 conjectura
705 3451 934 3523 mansionum
953 3476 1035 3549 quae
1050 3450 1100 3522 cis
1115 3448 1292 3547 paraban-

233 3589 306 3656 tur,
327 3569 433 3668 Alpes
457 3594 635 3666 superasse
658 3569 817 3667 putavit,
835 3568 939 3667 Papia
959 3567 1104 3656 relicta,
1124 3569 1292 3643 sextariis

231 3688 273 3760 ad
291 3689 327 3760 S.
343 3685 553 3757 Mauritium
566 3685 676 3755 venit.
693 3683 832 3783 lbiquo,
849 3685 1157 3785 comparatisque
1168 3683 1212 3758 ad
1226 3684 1291 3760 hoc

232 3803 422 3876 necessaria
449 3797 676 3884 videbantur,
703 3824 797 3869 sacra
819 3799 875 3871 illa
901 3824 1072 3898 corpora,
1097 3797 1218 3874 loculo
1236 3802 1291 3873 in·

231 3920 344 4004 clusi,
361 3920 495 3991 lirrotro
510 3916 698 4013 imposuit;
714 3933 820 4016 atque
831 3917 912 3988 iude
924 3942 1162 4015 promovens,
1176 3918 1288 4017 palam

538 4100 713 4108 --———·.-
730 4100 799 4107 ---
1221 4099 1290 4111 —-

265 4195 303 4263 (n)
318 4194 391 4248 Edit.
409 4198 538 4265 Arignrtn
555 4195 726 4247 soenorum
737 4220 742 4251 ;
755 4203 781 4244 ot
798 4210 879 4265 supra
893 4195 969 4264 Aug.
986 4192 1153 4249 Suessiones.
