3090 5302
231 437 291 498 904
456 436 637 497 HISTORIA
659 436 979 510 Tnansut‘rtottts,
1000 458 1063 501 erc.

231 557 374 629 circiter
400 556 516 654 leugas
533 582 605 628 sex.
634 558 674 628 ln
698 583 772 656 quo
796 583 878 628 cum
904 557 1083 630 basilicam
1107 559 1255 631 noviter
1276 588 1296 630 a

232 702 288 749 me
305 689 566 760 constructam,
582 675 642 746 sed
661 677 825 747 nondum
837 673 1033 747 dedicatam
1053 676 1295 761 invenissent,

233 795 269 864 in
295 790 385 863 banc
411 790 490 863 illos
514 816 630 863 sacros
650 793 785 865 cineres
811 791 1032 879 intulerunt,
1058 806 1096 865 et
1119 791 1221 865 velut
1246 790 1296 864 ibi
1385 874 1387 885 Ι

231 924 405 1007 perpetuo
420 933 670 1006 permansuros
684 907 939 1006 deposuerunt.

284 1262 343 1330 15.
356 1257 518 1357 Cumque
533 1256 567 1330 id
581 1257 668 1329 mihi
683 1258 975 1346 fuissetallatum,
991 1260 1179 1333 confestim
1196 1260 1295 1343 illuc,

233 1391 365 1473 quanta
376 1376 477 1475 potui
491 1376 672 1448 celeritate
685 1377 808 1448 venire
817 1375 994 1449 festinavi.
1008 1376 1094 1465 Ubi,
1114 1400 1215 1465 cum,
1228 1376 1299 1447 tri·

231 1488 305 1563 duo
334 1508 414 1591 post
440 1492 634 1565 adventum
661 1507 826 1568 nostrum
852 1509 997 1581 exacto,
1029 1494 1177 1595 quidam
1207 1518 1298 1593 puer

235 1608 401 1696 llatleici,
425 1609 576 1706 jubente
603 1636 663 1698 eo,
691 1611 807 1684 officio
840 1637 1065 1710 vesperarum
1091 1609 1293 1710 completo,

234 1725 370 1797 caeteris
394 1725 628 1810 exeuntibus,
643 1727 739 1802 solus
757 1727 793 1799 in
809 1727 951 1799 ecclesia
970 1727 1217 1814 remansisset,
1235 1742 1293 1809 et,

234 1839 359 1912 clausis
370 1842 616 1941 januis,juxta
634 1841 692 1915 illa
710 1868 806 1915 sacra
820 1868 971 1942 corpora
990 1844 1027 1916 in
1047 1869 1154 1943 parva
1169 1842 1294 1915 cellula

235 1957 333 2055 quasi
362 1957 571 2057 vigilaturus
596 1960 832 2051 consedisset,
859 1957 1049 2033 subitaneo
1074 1985 1207 2036 somno
1233 1959 1296 2032 de-

237 2100 392 2171 pressus,
418 2075 508 2147 vidit
530 2078 629 2177 quasi
654 2076 739 2148 duas
763 2075 947 2150 columbas
971 2104 1034 2176 per
1056 2077 1295 2151 dexteriorem

236 2190 365 2263 absidae
389 2190 579 2264 fenestram
599 2192 753 2266 volando
769 2195 922 2273 intrare,
935 2207 971 2265 et
991 2194 1026 2264 in
1041 2192 1202 2265 culmine
1217 2191 1294 2264 lecti

235 2336 341 2408 super
355 2310 426 2409 ipsa
444 2311 658 2382 Sanctorum
677 2337 827 2410 corpora
847 2310 1032 2385 considere
1048 2341 1057 2381 :
1073 2336 1228 2410 quarum
1246 2310 1296 2382 al·

238 2445 310 2501 tera
329 2442 403 2502 tota
421 2427 520 2514 alba,
544 2429 653 2501 altera
668 2431 745 2501 cani
765 2445 802 2502 et
815 2427 885 2500 albi
905 2427 1036 2503 coloris
1053 2427 1225 2501 mixturae
1236 2452 1297 2499 va-

237 2547 300 2618 riae
329 2545 527 2621 videbatur.
561 2548 723 2648 Cumque
754 2548 791 2619 in
821 2546 946 2621 eodem
976 2544 1135 2620 culmine
1163 2545 1297 2617 diutius

235 2662 522 2751 deambularent,
538 2680 574 2738 et
591 2679 802 2737 consuetum
817 2661 995 2739 columbis
1006 2661 1183 2762 gemitum
1200 2661 1298 2733 vicis·

236 2781 302 2852 sim
325 2779 423 2854 velut
443 2781 689 2883 colloquentes
710 2780 875 2868 ederent,
901 2806 1026 2854 rursus
1048 2804 1114 2879 per
1137 2777 1296 2853 eamdem

237 2900 428 2973 fenestram
441 2926 603 3000 egressae,
618 2924 694 2972 non
708 2913 1001 2998 comparuerunt.
1015 2898 1217 2997 secutaque
1229 2920 1296 2969 vox

236 3042 341 3116 supra
360 3033 464 3115 caput
484 3018 584 3116 pueri
596 3019 741 3091 sonuit:
763 3049 780 3086 a
797 3016 914 3103 Vade,
931 3014 1071 3115 inquit,
1087 3029 1126 3087 et
1143 3011 1298 3086 dicllat-

238 3133 329 3206 lcico
348 3152 389 3206 ut
405 3134 539 3209 indicet
556 3134 705 3208 domino
718 3160 799 3219 suo,
815 3135 897 3234 quia
918 3133 974 3204 isti
990 3132 1102 3203 sancti
1119 3130 1297 3233 Martyres

239 3249 369 3323 nolunt
391 3266 431 3322 ut
456 3277 581 3325 eorum
606 3277 758 3350 corpora
783 3251 820 3323 in
842 3249 911 3325 boo
933 3250 1015 3322 loeo
1040 3247 1295 3347 requiescent:

237 3367 345 3438 alium
364 3369 461 3440 enim
484 3368 684 3469 elegerunt,
701 3368 744 3441 ad
757 3393 864 3468 quem
882 3365 1046 3439 celeriter
1061 3363 1218 3461 migrare
1229 3362 1300 3433 dis·

238 3486 394 3584 positum
411 3483 588 3558 liabent.»
607 3487 719 3585 Hujus
729 3485 961 3558 vocisauctor
973 3480 1018 3554 ab
1029 3506 1073 3555 oo
1088 3478 1203 3552 videri
1223 3503 1297 3552 nou

240 3601 359 3699 putuit
375 3630 385 3687 ;
400 3627 469 3701 qua
493 3617 609 3673 tamen
626 3600 726 3673 finita
736 3654 749 3692 ‚
768 3598 964 3699 evigilavit,
982 3618 1186 3695 somnoque
1201 3593 1301 3667 exei-

240 3737 295 3792 tus
305 3773 315 3805 ,
335 3743 478 3792 reverso
495 3718 538 3790 ad
555 3716 733 3790 basilicam
746 3715 924 3801 Ratleico,
942 3711 1030 3815 quid
1048 3710 1195 3785 vidisset
1211 3708 1304 3783 iudi·

239 3839 344 3910 «trivit.
366 3837 414 3909 At
428 3836 486 3909 ille
500 3838 537 3907 in
551 3837 768 3921 crastinum,
785 3833 846 3906 ubi
862 3857 918 3905 me
932 3832 1091 3931 primum
1106 3828 1301 3903 convenire

240 3957 380 4053 potuit,
399 3956 486 4055 quid
503 3952 570 4027 sibi
598 3980 687 4051 puer
703 3978 786 4023 suus
804 3950 1001 4032 retulisset,
1018 3944 1107 4019 mibi
1135 3947 1300 4018 nuntiam

240 4071 389 4142 curavit.
416 4070 495 4170 Ego
516 4085 655 4154 antem,
686 4067 765 4140 lieet
794 4066 940 4163 hujusce
963 4061 1112 4134 visionis
1132 4082 1295 4133 eranum

239 4214 406 4284 apernere
420 4215 494 4259 non
513 4187 698 4273 auderem,
717 4186 822 4257 statui
845 4198 962 4255 tamen
980 4176 1219 4278 operiendum
1234 4172 1297 4247 ali·
