3090 5302
576 439 779 511 ,neverunt
800 438 963 502 ALTERA.
1247 441 1306 501 tos

236 563 479 632 sermodivinus
488 561 623 630 irradiat
627 563 721 652 juxta
729 560 999 640 illudzabuoerna
1006 559 1142 651 pedibus
1149 562 1309 631 meisver·

234 682 315 751 bum
330 697 442 766 tuum,
458 680 615 748 etlumen
627 680 748 747 semitis
760 680 918 768 meis(1)»
929 675 1097 769 quomodo
1108 678 1176 769 ipse
1187 678 1308 750 formet

234 800 491 870 eamdemvitam
502 799 631 890 penitus
639 796 834 864 intuendum
845 795 1076 863 eet.Nimirum
1091 795 1125 862 in
1143 794 1309 864 dominica

235 921 384 988 oratione
395 914 543 1009 quotidie
563 914 719 981 dicimus:
731 913 830 982 «Fiat
844 911 993 980 voluntas
1005 927 1088 980 tua»
1104 912 1228 980 scilicet
1239 938 1307 982 non

233 1051 365 1115 nostra,
376 1059 449 1126 quae
463 1036 576 1123 ignara
586 1055 695 1101 rerum
707 1030 769 1098 sibi
781 1029 961 1098 salubrium
969 1027 1042 1101 tatti
1048 1029 1244 1112 consuescit,
1253 1029 1311 1097 sod

234 1183 251 1218 «ι
269 1169 327 1221 tua
336 1178 369 1234 v,
382 1175 468 1242 quae,
483 1164 594 1242 utpote
606 1149 681 1229 Dei,
695 1147 807 1216 lutura
820 1148 1004 1239 praenoscit.
1013 1145 1162 1215 Salvator
1177 1171 1308 1240 quoque

234 1283 359 1350 noster,
371 1266 519 1358 passione
535 1263 759 1356 impendente,
773 1288 848 1332 cum
869 1262 1019 1332 dixisset:
1033 1292 1050 1328 u
1067 1264 1176 1347 Pater,
1196 1266 1223 1333 si
1236 1265 1310 1333 fiori

233 1398 353 1475 potest,
372 1396 511 1452 transeat
522 1406 542 1449 a
554 1405 606 1448 me
620 1380 704 1448 calix
716 1382 774 1448 isto
787 1383 835 1470 (a)
844 1408 876 1461 v,
888 1382 1042 1472 assumpti
1055 1382 1199 1450 bominis
1216 1383 1310 1451 infir-

233 1501 398 1580 mitatem,
415 1500 516 1567 immo
531 1495 754 1565 membrorum
771 1520 923 1579 suorum,
939 1513 1073 1590 propter
1089 1499 1180 1590 qaod
1191 1500 1234 1568 ad
1251 1501 1312 1569 bas

234 1638 349 1706 preces
369 1612 596 1695 descenderat,
615 1612 871 1682 imbecillitatem
894 1614 940 1680 sio
958 1613 1070 1682 divina
1091 1616 1211 1684 virtute
1227 1641 1310 1687 con·

233 1731 369 1801 solidat:
383 1732 634 1799 «Verumtamen
647 1753 714 1800 non
723 1731 806 1800 sicut
818 1754 881 1821 ego
891 1734 979 1813 volo,
994 1730 1050 1799 sed
1062 1734 1146 1801 sicut
1157 1749 1227 1803 tu».
1237 1737 1311 1804 sei-

234 1847 314 1917 licet
335 1846 450 1914 iallere
468 1846 604 1938 fallique
629 1849 757 1923 nescius
773 1849 939 1938 magister,
958 1849 1048 1940 quod
1063 1853 1151 1919 Deus
1173 1876 1232 1920 suo
1251 1878 1314 1922 nos

233 1963 384 2055 exemplo
401 1964 539 2031 instituit
553 1978 609 2046 ut,
626 1988 701 2031 cum
719 1963 852 2031 adversa
872 1981 1064 2055 vergerent,
1079 1969 1126 2034 sio
1142 1992 1180 2035 ea
1196 1969 1312 2062 depel-

233 2081 301 2148 lere
326 2080 478 2171 precibus
499 2103 706 2161 conaremur,
724 2095 760 2146 nt
781 2081 816 2148 in
832 2079 884 2147 bis
907 2082 1004 2148 etiam
1026 2097 1141 2155 contre
1162 2099 1310 2155 nostrum

234 2195 509 2285 votumejusfieri
519 2195 719 2263 voluntatem
731 2194 905 2264 salubriter
913 2195 1193 2289 amplecteremur.
1207 2202 1310 2269 Reco-

233 2314 308 2397 lite,
326 2338 456 2405 quaeso,
469 2313 607 2382 Paulum
623 2365 632 2395 ‚
649 2314 743 2403 cujus
757 2328 845 2381 tanta
859 2329 928 2381 erat
940 2317 1134 2400 eminentia,
1148 2333 1184 2385 ut
1197 2320 1232 2386 in
1244 2336 1309 2388 teo-

233 2435 316 2500 tium
329 2446 442 2523 raptus
453 2429 584 2512 coelum,
598 2429 738 2498 audierit
750 2454 868 2498 arcana
884 2431 984 2497 verba
1002 2447 1119 2501 sanctae
1136 2436 1307 2506 Trinitatis

233 2577 305 2644 quae
319 2575 386 2619 non
407 2550 482 2619 licet
496 2550 622 2616 homini
635 2549 743 2639 loqui,
761 2564 867 2616 tamen
880 2551 1060 2616 Dominum
1078 2575 1184 2618 orasse
1203 2577 1269 2643 quo
1285 2579 1304 2621 a

232 2692 265 2734 se
286 2665 442 2757 angelum
458 2665 603 2745 Satanae,
623 2687 723 2753 aquo
741 2663 970 2745 tribulabatur,
989 2684 1224 2750 summoveret,
1242 2694 1303 2736 noc

232 2787 413 2855 obtinuisse
424 2783 513 2875 quod
526 2781 642 2864 voluit,
652 2780 708 2848 sed
715 2780 805 2873 quod
817 2781 951 2872 proluit.
965 2782 1127 2849 Revocate
1139 2785 1173 2851 in
1183 2809 1303 2854 memo

233 2905 316 2971 riam
328 2898 502 2981 Davidem,
512 2912 672 2989 quatenus
683 2921 729 2978 se,
741 2921 800 2988 pro
812 2898 1016 2989 impetranda
1026 2898 1096 2965 filio
1112 2901 1304 2984 vite,mace·

232 3021 324 3088 rarit.
345 3021 388 3087 Et
407 3030 510 3097 certe,
536 3039 611 3084 cum
631 3030 738 3082 tantus
751 3030 832 3081 esset
857 3015 1032 3106 propheta,
1052 3040 1093 3082 ne
1110 3041 1300 3110 responsum

232 3136 367 3228 quidem
382 3133 530 3202 divinum
544 3148 608 3200 tam
624 3133 761 3198 immani
774 3131 941 3198 consectus
954 3155 1093 3199 moerore
1105 3137 1298 3224 promeruit.

234 3257 450 3348 Quaecunque
474 3267 582 3318 autem
608 3252 727 3342 scripta
748 3264 845 3332 sunt,
872 3249 913 3317 ad
941 3265 1084 3317 nostram
1116 3251 1299 3322 doctrinam

234 3377 353 3466 scripta
369 3388 457 3451 sunt,
470 3386 508 3437 ut
522 3394 579 3461 per
595 3370 781 3461 patientiam
798 3383 830 3434 ct
846 3367 1101 3436 consolationem
1118 3370 1302 3463 Scriptura·

237 3518 306 3560 rum
323 3514 413 3583 spem
435 3487 621 3555 babeamus.
641 3488 728 3576 Ergo
746 3484 935 3577 perpendito
950 3485 1091 3576 qualiter
1107 3487 1214 3554 David
1228 3513 1301 3555 cas·

238 3633 300 3676 sam
326 3631 461 3699 precum
484 3628 615 3672 suarum
640 3618 788 3695 expertus
811 3605 1021 3687 instantiam,
1046 3605 1301 3672 consolationem

241 3728 360 3792 ratione
389 3722 593 3815 perceperit,
627 3743 663 3785 ac
689 3720 821 3808 justitiae
852 3721 912 3786 Dei
943 3720 1107 3810 subjectus
1135 3720 1302 3787 humiliter

243 3844 448 3935 adquieverit.
466 3841 539 3905 Non
554 3840 628 3905 estis
639 3852 703 3903 tam
717 3836 860 3903 fundatae
876 3836 1090 3905 fortitudinis.
1107 3836 1208 3929 Quod
1222 3861 1301 3928 prae-

274 4117 309 4182 (r)
327 4113 373 4169 Cf.
388 4110 460 4165 Psal.
476 4126 575 4173 cxvrtr,
593 4104 650 4159 105.
666 4104 836 4177 (Septuag.).

276 4212 310 4277 (a)
329 4208 372 4263 Cl.
389 4205 489 4261 Matth-
504 4221 573 4270 rxvt,
588 4200 632 4276 39
