3166 5280
251 395 308 456 lli
528 391 577 451 ΑΙ)
599 389 790 450 Etrtttnltul
813 386 1021 448 EPISTOLAS

248 514 530 584 tium-Noverit
551 512 726 580 nobilitatis
743 527 852 580 vestrae
869 511 1044 603 prudentia
1059 507 1102 575 de
1112 509 1200 587 boc,
1220 505 1303 598 quod

249 633 329 699 mibi
340 646 371 698 et
382 630 432 697 lll.
444 630 580 720 jussistis
590 628 779 695 Adimmoni
792 631 840 717 (1)
853 627 962 719 loqui,
976 625 1030 693 lll.
1044 648 1181 693 meeum
1192 622 1305 692 ibidem

250 746 406 827 nonfuit,
424 747 499 836 quia
516 746 641 810 irenen
659 747 764 835 potuit
778 758 912 834 propter
925 744 1112 833 passionem
1125 764 1235 809 suam.
1249 739 1307 808 scd

250 860 300 928 lll.
320 862 427 927 omnia
444 883 569 926 meeum
588 861 621 925 in
640 858 810 926 Villanova
828 859 982 949 episcopo
1000 856 1231 925 intimavimus
1244 858 1307 943 (a),

250 993 299 1057 et,
317 974 472 1066 quicquid
487 998 546 1041 nos
562 975 602 1040 ab
617 974 664 1066 (3)
678 973 735 1041 illo
751 976 902 1065 episcopo
922 976 957 1040 in
973 998 1169 1067 responsum
1185 974 1309 1065 accepi-

249 1116 337 1172 mus,
357 1090 487 1183 quando
515 1089 567 1157 Ill.
591 1093 687 1158 istum
711 1091 802 1157 vobis
825 1089 978 1158 detulerit
1003 1089 1212 1171 indiculum,
1241 1112 1310 1157 um-

248 1210 337 1274 nium
360 1209 424 1296 (4),
443 1230 499 1298 per
514 1206 661 1272 ordinem
686 1208 904 1297 responsionis
932 1230 1014 1287 suae,
1041 1206 1223 1298 presentiae
1243 1228 1312 1273 res-

249 1341 304 1392 tro
318 1324 429 1392 reddet
440 1327 489 1412 (5)
503 1325 672 1390 rationem.
687 1324 792 1414 Super
803 1325 881 1404 boo,
897 1323 978 1390 sciat
989 1321 1148 1390 nobilitas
1159 1337 1267 1389 vestra
1280 1334 1315 1387 ut

250 1465 330 1531 ego,
350 1455 479 1531 postea,
497 1438 583 1505 solus
594 1438 637 1505 ad
656 1440 843 1530 episcopum
857 1436 919 1530 (6),
933 1440 967 1504 in
985 1462 1118 1504 causam
1135 1434 1314 1504 contessio-

251 1559 313 1637 [nis
324 1559 403 1620 veni
418 1572 450 1620 et
466 1562 554 1635 eum]
566 1557 614 1643 (7)
630 1553 670 1619 de
685 1552 862 1644 conloquio
883 1568 980 1644 atque
996 1553 1037 1619 de
1053 1551 1215 1645 prasidio,
1227 1548 1316 1643 quud

251 1672 285 1734 in
303 1669 511 1759 Petingabem
529 1671 576 1757 (8)
592 1668 710 1735 babere
726 1668 933 1751 debuissetis,
955 1668 1160 1759 interrogari
1175 1691 1237 1735 cur
1254 1666 1316 1735 boc

251 1788 296 1851 ita
329 1786 516 1868 dimisisset,
549 1785 600 1851 rel
634 1785 700 1876 [de]
732 1801 922 1853 ceterarum
952 1809 1063 1853 rerum
1092 1782 1315 1853 varietatibus.

251 1901 369 1983 Verba,
382 1901 482 1967 veluti
497 1901 578 1967 milri
591 1901 777 1985 mandastis,
792 1899 840 1997 [et
852 1899 901 1996 ut]
917 1901 1127 1994 possibilitati
1139 1924 1220 1969 meoe
1236 1900 1316 1969 iusi·

252 2018 378 2106 pientiae
388 2016 580 2098 sufficiebat,
595 2017 702 2085 retuli.
715 2018 927 2110 Respondens
931 2065 1314 2086 ...........

253 2148 338 2199 certe
354 2132 513 2223 quidquid
534 2133 704 2224 episcopus
719 2134 877 2200 sacerdoti
894 2132 1046 2200 confiteri
1065 2132 1181 2218 debet,
1198 2132 1317 2225 absque

254 2247 496 2329 dubio,omnia
502 2297 839 2318 ..........
858 2248 956 2316 credo
969 2250 1175 2317 etintenon
1189 2248 1315 2319 dubito.

254 2366 349 2430 Tunc
366 2386 514 2455 quoque,
533 2363 765 2452 jurejurando,
784 2365 966 2431 cumomni
970 2414 1315 2433 ..........

254 2477 463 2545 consessionis
478 2479 575 2568 eoepit
591 2477 698 2545 dicere
718 2508 725 2547 :
748 2480 837 2571 quod
853 2479 1040 2547 nullatenus
1053 2481 1226 2548 communi
1241 2502 1318 2549 con·

255 2594 365 2686 loquio
370 2644 738 2662 ...........
764 2597 909 2679 ret‚nisi
924 2596 1015 2688 quod
1028 2598 1128 2665 sciret
1144 2599 1316 2666 maximam

255 2711 467 2779 calamitatem
483 2726 620 2778 vestram
637 2736 696 2802 pro
713 2713 839 2780 actibus
855 2738 896 2780 ne
897 2762 1314 2783 ............

255 2829 326 2894 tatis
354 2825 523 2893 modulum
553 2826 604 2893 vel
630 2829 778 2895 omnium
804 2828 967 2896 bonorum
995 2829 1240 2897 erumnositatis
1266 2826 1320 2896 det

259 2991 634 3008 ...........
653 2943 877 3025 indigentiam.
893 2944 1022 3012 Idcirco
1034 2945 1147 3037 ibique
1160 2970 1195 3015 se
1210 2946 1316 3014 venire

256 3053 376 3120 dimisit
388 3070 420 3120 et
432 3056 537 3121 statim
543 3104 844 3124 .........
862 3074 941 3126 tunc
956 3059 1156 3129 advenissem
1162 3110 1313 3129 .....

289 3310 329 3375 (ι)
347 3304 502 3375 Siccode13
519 3306 590 3362 forte
602 3308 750 3381 legendum
763 3321 835 3366 esset
846 3310 887 3366 od
899 3311 1061 3367 Immonem.

289 3406 327 3475 (a)
345 3402 390 3457 Sic
402 3401 502 3469 codex;
516 3406 607 3458 lot-san
620 3405 769 3480 legendum
781 3411 928 3462 intimavit.

290 3500 329 3573 (ὅ)
347 3500 415 3558 eod.
429 3500 470 3555 ad
480 3501 537 3556 illo.

291 3601 330 3669 (4)
347 3596 418 3653 Cod.
433 3601 535 3652 omnia.

292 3694 331 3767 (5)
350 3692 419 3750 (Ἂᾶ.
436 3692 568 3748 redderit.

292 3792 330 3865 (6)
348 3790 417 3848 Cod.
434 3790 474 3845 ad
485 3795 620 3864 episcopo.

290 3892 330 3965 (7)
348 3888 396 3943 lle
415 3897 471 3942 tres
485 3904 564 3943 voces
577 3903 628 3960 pro
645 3902 726 3940 seusu
743 3888 901 3961 supplendo
920 3899 1002 3956 sunt,
1016 3890 1143 3965 quamvis
1154 3908 1212 3949 uon
1225 3910 1319 3950 eurum

258 3989 376 4060 spatium
390 3985 426 4039 sit
437 3985 467 4039 in
481 3984 586 4040 codiee.

290 4086 328 4153 (8)
347 4083 409 4154 nuj.
421 4083 573 4156 Petegbcm
585 4100 633 4137 sur
646 4080 672 4135 la
684 4083 741 4138 rive
752 4083 857 4156 gauche
869 4083 904 4140 de
916 4085 1052 4155 l'Esesut,
1065 4090 1082 4141 d
1096 4089 1168 4143 trois
1179 4098 1277 4165 quarte
1284 4086 1320 4144 de

257 4182 328 4237 lieue
342 4182 378 4237 0.
392 4180 586 4237 d'Audenardc
599 4181 810 4254 (Pettiugeltem
829 4200 876 4237 sur
893 4183 919 4239 la
930 4194 1004 4242 carte
1017 4182 1053 4240 de
1065 4182 1202 4243 Betoelius
1215 4186 1248 4242 Ε.
1261 4185 1318 4257 d.).
