3166 5280
249 495 289 558 ll
570 487 762 551 Elttttattnt
786 488 1012 555 EPlSTOLAE..

251 613 341 689 tatio
358 611 415 712 (r)
432 633 577 698 rerum,
593 633 675 710 quae
689 634 807 708 nuper
822 609 860 683 in
876 608 944 684 hoc
957 633 1072 712 regno
1086 608 1178 683 faeta
1192 623 1265 699 est,
1282 611 1322 685 in

252 746 395 804 tantum
411 753 478 802 nos
494 722 751 816 conturbavit,
777 740 819 798 ut
840 726 986 826 penitus
1011 726 1218 826 ignoremus
1232 726 1324 828 quid

250 871 354 948 agere
362 841 566 932 debeamus,
576 843 645 915 nisi
657 842 919 930 ut,seoundum
929 840 1037 919 verba
1045 842 1228 944 losaphat,
1240 869 1324 920 ocu·

249 962 305 1038 los
316 975 461 1038 nostros
472 960 516 1032 ad
530 959 731 1036 Dominum
741 958 935 1058 dirigamus
944 960 1000 1060 (a)
1008 988 1021 1051 ς
1033 974 1088 1049 et,
1098 961 1202 1060 juxta
1212 959 1325 1035 verba

250 1079 412 1156 Philonis
430 1079 486 1178 (3)
496 1131 508 1170 ,
528 1076 745 1176 imploretur
759 1075 946 1166 divinum,
963 1076 1110 1178 quando
1122 1075 1325 1152 humanum

251 1210 364 1271 oessat
393 1193 581 1268 auxilium.
607 1195 728 1293 lpsum
755 1208 876 1266 autem
907 1192 1059 1267 latorem
1089 1193 1326 1293 praesentium

253 1311 481 1402 Eburonem,
500 1309 663 1411 quamvis
674 1306 777 1384 vobis
790 1309 843 1407 (4)
860 1310 1089 1410 propinquus
1105 1308 1165 1401 sit,
1185 1308 1325 1382 serissi-

251 1455 376 1519 mum,
403 1441 531 1504 vestrae
559 1426 728 1502 electioni
751 1427 808 1527 (5)
833 1424 1138 1501 commendamus.
1163 1423 1326 1501 Confidi-

254 1572 336 1620 mns
353 1546 412 1646 (6)
435 1546 534 1619 enim
559 1546 598 1619 in
625 1545 721 1634 Deo,
748 1545 832 1620 licet
855 1571 955 1618 nunc
981 1545 1060 1620 lieri
1082 1571 1160 1619 non
1183 1558 1325 1644 posset,

252 1662 445 1766 quodsum
459 1664 609 1752 iterum,
626 1662 829 1763 opitulante
840 1660 961 1735 divina
975 1660 1164 1735 elementia
1171 1713 1184 1752 ,
1198 1659 1327 1735 laetmn

251 1798 289 1861 et
304 1781 479 1873 hilarem,
497 1796 709 1884 opportuno
723 1794 908 1882 tempore,
922 1777 1042 1854 advos
1056 1778 1243 1855 remittere
1258 1777 1327 1853 ‹le-

255 1897 393 1972 bemus.
409 1897 586 1998 Optamus
599 1912 642 1970 ut
654 1897 881 1971 sanctitatem
893 1912 1069 1985 vestram,
1091 1893 1185 1970 bene
1201 1893 1327 1968 valen-

252 2031 394 2090 temet
423 2017 540 2089 nostri
572 2040 795 2102 memorem,
826 2012 946 2087 divina
977 2012 1091 2118 gratia
1119 2026 1326 2113 temperet

251 2129 387 2233 ubique
404 2130 593 2205 custodiat.

436 2365 532 2428 XXX.
555 2366 608 2426 Al)
630 2364 832 2428 vussmutt
853 2366 998 2429 FILIUM
1018 2364 1140 2428 SUUM.

303 2527 496 2600 Carissimo
520 2526 598 2601 filio
626 2526 784 2603 Vussino
817 2527 855 2600 in
887 2528 1047 2602 Domino
1079 2525 1243 2601 salutem.
1277 2565 1326 2583 -

254 2642 396 2719 Vereor
417 2667 594 2742 namque,
619 2641 693 2733 fili,
718 2658 755 2716 et
780 2641 882 2717 valde
901 2657 1026 2716 metuo
1046 2639 1146 2742 quod
1157 2693 1169 2730 ,
1195 2639 1326 2715 relicto

253 2757 358 2848 ovili,
377 2784 444 2833 nec
466 2759 520 2832 tui
540 2784 607 2833 nec
627 2760 698 2834 mei
718 2784 860 2834 memor
880 2785 954 2834 ease
975 2755 1103 2832 debeas
1126 2787 1136 2828 z
1156 2756 1240 2858 quia
1257 2758 1324 2855 ju-

252 2890 381 2949 ventus
412 2875 629 2966 immatura,
664 2877 734 2949 nisi
766 2875 879 2951 frenis
914 2873 1113 2974 disciplinae
1146 2873 1323 2962 coercita,

253 2990 348 3065 haud
362 2991 417 3090 (7)
430 2991 535 3066 facile
551 3019 616 3092 per
630 2993 782 3092 justitiae
800 2992 935 3067 incedit
952 2991 1039 3064 vias.
1054 2988 1323 3086 Quamobrem,

253 3108 429 3197 minate,
453 3107 556 3183 stude
580 3107 716 3208 probos
740 3108 902 3183 aemulari
925 3133 1069 3200 mores,
1096 3123 1133 3181 et
1156 3132 1268 3208 quem
1288 3121 1326 3182 te

253 3249 395 3324 semper
419 3225 520 3325 sequi
548 3222 719 3300 hortabar
744 3226 820 3324 (8),
843 3253 890 3302 ne
915 3225 991 3302 ullo
1016 3241 1123 3325 pacto
1145 3223 1326 3298 offensum

253 3339 385 3417 habere
401 3341 512 3417 velis:
528 3342 590 3417 sed
605 3344 838 3443 professionis
860 3360 932 3418 tuae
951 3345 1008 3444 (9)
1025 3368 1185 3432 memor,
1204 3367 1326 3443 quam

1276 3487 1323 3497 -ο-

286 3551 326 3621 (ι)
343 3546 414 3605 eod.
428 3567 513 3621 quam
527 3557 622 3604 mutuo
634 3566 735 3604 rerum.

287 3641 327 3713 (a)
345 3639 389 3696 Cl.
404 3636 524 3711 Paralip.
537 3636 587 3694 lib.
600 3655 635 3708 ιι,
650 3657 709 3712 cap
724 3656 772 3708 xx,
787 3657 813 3695 v.
831 3655 872 3694 ra.

287 3725 327 3802 β)
344 3726 416 3786 eod.
430 3727 547 3783 Filom's.

286 3819 327 3890 (l)
344 3815 416 3876 eod.
426 3814 507 3873 eted.
518 3816 611 3885 nobis,
621 3813 699 3891 quod
709 3817 838 3891 exipsius
848 3814 970 3890 epistola
982 3813 1064 3870 initio
1076 3807 1243 3867 mutandum
1251 3817 1322 3864 erat.

287 3905 327 3982 (5)
344 3908 391 3965 Sic
401 3905 506 3974 codex;
519 3905 588 3963 edit.
600 3904 752 3961 dilectioni.

287 3996 328 4071 (6)
344 3996 415 4055 Cod.
431 3995 620 4054 comoda'mus.

288 4088 328 4162 lrl
345 4086 415 4144 Cod·
429 4087 508 4144 aaa.

290 4177 330 4247 (8)
348 4176 418 4234 eod.
434 4177 557 4233 ortober.

290 4269 328 4341 (9)
345 4266 414 4325 Cod·
428 4267 601 4341 professione
615 4277 673 4321 tua.
