3090 5302
240 425 297 486 llll
461 423 643 485 tttstotttt
664 424 979 497 unlustattont&
1004 446 1064 487 erc.

237 542 451 618 monachum
477 543 724 640 peregrinum,
752 544 899 616 nomine
919 542 1108 628 Basiliam,
1126 544 1191 643 qni
1214 559 1295 616 anta

236 662 425 733 biennium
452 662 495 732 de
524 658 838 758 Constantinopoli
870 658 1020 732 Romam
1048 674 1219 751 venerat,
1241 676 1296 731 at-

235 806 306 880 que
336 776 384 849 ibi
411 778 447 847 in
473 791 598 850 monte
626 775 789 847 Palatino
809 773 902 874 apud
924 775 1011 848 alios
1040 774 1210 860 Graecos,
1234 776 1295 876 qui

235 894 389 992 ejusdem
413 892 645 991 professionis
673 906 798 977 erant,
825 916 907 962 eum
936 905 1093 991 quatuor
1116 889 1296 989 discipulis

235 1011 306 1081 suis
332 1007 529 1107 hospitium
555 1004 720 1078 babebat.
748 1008 852 1078 llunc
879 1005 983 1093 adiit,
1009 1022 1116 1108 atquc
1140 1008 1172 1079 ei
1191 1032 1295 1106 quam

234 1124 436 1224 patiebatur
452 1121 731 1196 sollicitudinem
754 1124 906 1222 aperuit.
926 1125 1021 1196 Tum
1045 1122 1205 1197 consiliis
1224 1125 1296 1223 ejus

234 1244 431 1327 animatus,
456 1258 493 1313 et
517 1239 743 1315 orationibus
771 1241 905 1328 fretus,
934 1256 1068 1313 tantam
1093 1241 1233 1340 acecpit
1261 1241 1296 1312 iu

233 1359 342 1433 corde
366 1384 431 1431 sno
461 1359 718 1446 constantiam,
749 1375 789 1430 ut
805 1375 978 1431 statueret
1001 1385 1096 1445 rem,
1133 1358 1294 1457 quamvis

233 1502 316 1548 cnm
340 1473 499 1574 periculo
519 1474 643 1573 capitis
660 1475 733 1562 sui,
753 1473 938 1548 celerrime
953 1476 1120 1574 experiri.
1137 1474 1294 1549 vocan-

232 1618 303 1692 que
316 1591 359 1663 ad
372 1617 409 1663 se
423 1591 555 1662 comite
567 1615 646 1677 suo,
659 1588 819 1664 llildoini
837 1588 1063 1691 presbytero,
1081 1591 1199 1701 coepit
1215 1614 1293 1662 cum

232 1737 275 1781 eo
295 1725 448 1781 tractare
472 1724 511 1779 ut
537 1710 667 1779 iterum
684 1706 726 1779 ad
746 1706 925 1780 basilicam
942 1711 983 1780 B.
1002 1706 1161 1780 Tiburtii
1177 1761 1188 1793 ,
1207 1710 1293 1779 sicut

233 1828 332 1927 prius
358 1826 535 1911 fecerant,
560 1824 724 1897 clanculo
737 1840 950 1924 pergerent,
964 1851 1006 1897 ac
1023 1823 1206 1907 tumbam,
1227 1848 1292 1924 qua

233 1943 399 2040 Martyris
412 1968 543 2039 corpus
552 1940 777 2014 reconditum
792 1941 1017 2029 credebatur,
1026 1942 1167 2041 aperire
1177 1939 1294 2015 denuo

235 2060 464 2133 molirentur.

285 2300 343 2367 l0.
365 2293 502 2367 Placuit
522 2295 733 2381 consilium;
757 2296 1037 2394 assumptisque,
1063 2320 1156 2395 quos
1179 2320 1293 2369 secum

141 2486 145 2495 ,
235 2411 475 2498 adduxerant,
493 2413 633 2512 pueris,
656 2412 794 2510 hospite
810 2439 935 2485 eorum
950 2412 1093 2509 penitus
1110 2412 1296 2513 ignorante

236 2555 312 2628 qno
323 2530 430 2617 irent,
444 2528 535 2600 clam
551 2544 660 2601 noctu
672 2526 822 2627 profecti
836 2543 932 2599 sunt.
945 2528 1109 2627 Cumque
1120 2528 1164 2599 ad
1179 2526 1295 2601 locutu

235 2664 386 2719 ventum
403 2665 512 2728 esset,
533 2648 625 2719 votis
641 2672 710 2745 pro
726 2672 766 2718 re
783 2643 1022 2744 prosperanda
1045 2659 1129 2717 ante
1145 2642 1294 2745 aedisja·

236 2790 345 2836 uuam
367 2764 487 2850 lactis,
511 2762 782 2862 ingrediuntur3
799 2761 990 2861 divisisque
1009 2760 1114 2834 sociis
1131 2761 1229 2834 inter
1243 2788 1294 2847 se,

236 2878 423 2979 presbyter
432 2880 476 2952 ad
486 2906 617 2980 corpus
626 2877 718 2951 beati
730 2877 888 2951 'l'iburtii
900 2876 1137 2978 quaerendum
1146 2878 1182 2950 in
1193 2878 1297 2977 ipsius

237 2994 379 3067 basilica
390 3022 472 3068 cum
483 2994 661 3095 aliquibus
671 2995 861 3080 remansit;
877 2992 1146 3065 llatleicuscum
1154 2992 1297 3095 reliquis

239 3111 276 3181 in
289 3109 533 3183 aalhaerentem
545 3110 659 3182 eidem
674 3108 832 3182 ecclesiae
848 3123 1026 3209 cryptam,
1041 3106 1085 3180 ad
1094 3104 1189 3181 beati
1204 3108 1295 3183 Petri

238 3228 740 3327 corpusaccessitzapertoque
750 3225 1297 3327 sinculladillieultatesepulctu,

238 3370 334 3415 sacra
344 3344 455 3417 salicti
467 3345 635 3445 Martyris
647 3343 822 3432 membra,
837 3344 937 3417 nullo
951 3340 1180 3443 prohibente,
1190 3358 1299 3417 sustu·

240 3460 299 3545 lit,
316 3477 351 3531 ct
367 3462 481 3534 serico
493 3460 661 3560 pulvino,
675 3486 782 3562 quem
800 3462 844 3534 ad
858 3461 926 3535 hoc
940 3476 1144 3561 paraverat,
1160 3476 1297 3563 reoepts

238 3577 428 3677 diligenter
442 3578 599 3651 inclusit.
619 3581 756 3652 lnterea
770 3578 971 3679 presbyter,
986 3580 1048 3680 qui
1064 3604 1198 3680 corpus
1207 3576 1295 3653 besti

239 3691 396 3766 Tiburtii
409 3694 613 3795 quaerebat,
632 3721 763 3797 magno
778 3695 899 3770 labore
915 3694 1048 3769 frustra
1065 3708 1293 3796 consumpto,

237 3828 427 3915 postquam
442 3839 479 3885 se
490 3811 579 3884 vidit
592 3812 683 3885 nihil
698 3838 800 3911 posse
813 3814 1008 3913 prolicere,
1024 3812 1155 3887 relicto
1170 3838 1294 3915 opere,

239 3931 276 4004 in
287 3945 449 4032 cryptam
463 3930 506 4003 ad
520 3930 719 4004 Ratlcicum
729 3933 931 4024 descendit,
946 3932 1083 4033 etquid
1095 3930 1296 4009 sibilacieu·

236 4048 323 4121 dum
333 4048 837 4149 esset,abeoquaercrecoepit.
849 4052 914 4123 Cui
923 4049 1074 4125 camille
1085 4048 1294 4123 arbitr-aria

236 4165 473 4266 diceretquod
486 4170 595 4240 sancti
608 4166 765 4240 Tiburtii
776 4169 972 4268 [reliquiae]
981 4185 1098 4243 essent
1122 4168 1292 4255 invente,
