3090 5302
406 464 464 528 35⁴
629 463 811 525 HISTORIA
833 461 1239 537 TRANSLAT10N18,m

407 585 534 671 nisset,
550 601 760 682 erumpente
780 585 949 685 protinus
960 585 1006 657 de
1021 580 1169 657 naribus
1186 588 1265 685 ejus
1275 586 1458 687 sunguine,

404 728 477 801 quo
498 699 562 773 diu
586 703 745 801 privatus
761 702 898 791 suerut,
918 700 1063 775 auditus
1084 702 1205 777 officio
1226 702 1388 777 donatus
1401 718 1458 777 est.

403 821 444 892 ln
462 820 658 893 crastinum
674 839 809 907 nutem,
833 820 869 893 id
894 836 948 893 est
963 834 1095 920 quarto
1118 816 1197 891 idus
1211 820 1334 919 junii,
1357 820 1461 895 vim

404 952 457 1009 cst
476 935 583 1009 nobis
602 953 643 1010 ιιι
664 938 859 1025 feretrum,
885 937 984 1037 quod
1002 962 1120 1011 sacros
1139 936 1352 1039 Martyrum
1373 938 1461 1013 cine

404 1081 460 1127 res
471 1054 694 1143 continebat,
707 1056 813 1128 altius
827 1056 956 1130 elevari
968 1054 1136 1143 deberet,
1149 1054 1279 1131 adhoc
1289 1056 1462 1145 videlicet,

405 1186 447 1241 ut
466 1170 651 1270 aliquanto
675 1172 893 1245 eminentius
910 1187 1001 1245 esset
1021 1196 1131 1271 qurum
1147 1171 1264 1247 altere
1277 1174 1339 1247 cui
1362 1198 1464 1275 appo·

405 1288 515 1359 situm
530 1303 621 1373 crat,
649 1304 685 1361 et
714 1287 852 1362 facilius
874 1287 919 1360 ab
937 1286 1188 1363 accedentibus
1207 1290 1311 1365 cerui
1332 1290 1466 1393 potuis-

406 1420 471 1478 set.
491 1404 602 1505 quue
619 1402 725 1478 nobis
746 1404 980 1494 facientibus,
1001 1418 1039 1479 ct
1058 1406 1155 1481 inter
1169 1404 1466 1481 saciendunlits·

406 1521 483 1594 nius
504 1548 588 1595 cum
615 1523 680 1597 Dei
706 1522 809 1596 laude
833 1520 1071 1611 canentibus,
1099 1524 1216 1623 puella
1239 1522 1410 1625 quaedm
1425 1522 1468 1599 ὦ

405 1639 539 1713 familia
557 1642 594 1713 S.
622 1641 796 1731 Servatii,
816 1668 836 1713 s
855 1643 1043 1717 nativitate
1058 1667 1119 1715 suu
1135 1638 1291 1741 pedibus
1313 1666 1361 1717 ex
1384 1666 1468 1719 uun·

407 1759 584 1833 tructione
600 1757 785 1847 distortis,
804 1758 972 1831 manibus
993 1756 1101 1833 etium
1118 1784 1163 1833 ex
1180 1784 1387 1833 nervorum
1403 1756 1469 1833 dis·

408 1877 571 1950 tensione
583 1874 784 1963 dissolutis,
800 1874 947 1974 insuper
956 1888 994 1949 et
1005 1888 1106 1948 muta
1116 1900 1257 1977 ,quam
1270 1874 1470 1975 pnulusutc

409 1996 446 2066 in
465 1993 646 2067 basilicum
666 2020 721 2066 sur
711 1991 965 2081 detulerunt,
989 2006 1163 2067 eteorum
1186 1990 1332 2067 feretro
1348 2016 1470 2093 pom*

408 2126 517 2202 runt,
534 2108 655 2183 subito
672 2108 814 2183 sanitati
830 2125 883 2182 est
900 2108 1057 2200 redditu,
1047 2108 1121 2183 ·itu
1136 2122 1179 2183 ut
1194 2106 1326 2185 endem
1341 2106 1471 2185 bonet

409 2226 530 2328 loqui,
551 2243 587 2300 et
610 2225 797 2313 incedere,
821 2240 858 2300 ct
882 2223 1050 2300 manibus
1072 2225 1258 2301 adomnia
1284 2228 1470 2305 uenerati

409 2342 566 2441 perfecte
582 2343 636 2416 uti
654 2342 827 2441 potuerit.

461 2824 522 2895 85.
549 2818 695 2892 Perninu
724 2816 888 2917 quaedum
914 2814 958 2889 de
986 2816 1065 2915 ipso
1090 2815 1172 2889 vico
1188 2816 1383 2915 Treiecto,
1400 2838 1473 2889 ιιιιι

415 2935 561 3010 haberet
589 2934 754 3007 ancilium
778 2958 929 3020 caecum,
960 2932 1110 3007 nomine
1136 2928 1398 3033 Adnigtndnm,
1418 2928 1473 3003 in-

415 3078 530 3152 gressa
547 3050 727 3123 basilicam
745 3048 891 3123 tradidit
909 3074 986 3122 eam
1001 3046 1132 3122 sanetis
1144 3046 1376 3151 martyribus
1389 3046 1473 3123 Etr

416 3169 549 3242 ecilino
573 3182 611 3240 et
627 3168 753 3255 Petro,
774 3181 815 3236 ut
838 3193 903 3265 per
918 3190 1047 3239 eorum
1071 3162 1239 3263 suffragiu
1255 3160 1476 3239 ιίιιιιιιιό·

417 3310 502 3384 perc
530 3299 755 3369 mereretur,
785 3280 908 3384 ibique
934 3282 1084 3355 dimisit.
1117 3280 1210 3375 Qun·
1238 3306 1363 3373 cun,
1402 3290 1476 3381 put!

417 3414 601 3501 peractum
629 3397 865 3498 vespertinale
903 3396 1086 3488 officium,
1115 3399 1153 3471 iu
1186 3396 1315 3473 eudem
1342 3394 1477 3475 edd

417 3516 648 3605 substitisset,
668 3513 809 3607 subito,
828 3516 927 3589 velut
939 3514 986 3589 ab
1000 3516 1121 3617 aliquo
1135 3514 1314 3615 impulsu,
1331 3514 1372 3589 in
1387 3512 1478 3617 puvi-

417 3652 582 3711 mentum
599 3634 745 3721 cecidit3
760 3650 868 3735 utque
885 3633 934 3707 ibi
945 3634 1009 3707 diu
1023 3632 1201 3721 volutata,
1221 3630 1392 3723 huden,
1404 3652 1479 3705 cun

419 3758 556 3857 ingenti
587 3752 853 3826 circumstantis
879 3751 1004 3853 popuii
1030 3765 1179 3851 stupore
1203 3764 1317 3853 atque
1338 3746 1480 3825 «hirt-

419 3876 539 3960 tione,
555 3874 650 3946 clare
661 3870 784 3945 videns
799 3870 968 3945 surrexit.
985 3868 1151 3967 Contigit
1167 3866 1240 3941 boc
1258 3864 1382 3943 idibus
1395 3860 1479 3968 jurii

418 3990 462 4064 ad
475 4016 680 4091 vesperum,
698 3990 775 4091 ipso
787 3988 903 4062 noctis
916 3986 1112 4087 incipiente
1121 3984 1354 4085 crepusculo.
1370 3984 1481 4061 lht

420 4108 567 4207 (puidam
580 4109 624 4183 de
640 4108 825 4208 provincis
843 4104 1064 4207 burgundia,
1078 4128 1122 4179 ex
1136 4104 1330 4181 territorio
1342 4104 1482 4181 Genu-

422 4226 539 4313 vensi,
559 4222 1014 4321 uomine'l'huttgarius,es
1027 4218 1190 4321 passione
1198 4216 1481 4323 ubonnsqu
