3166 5280
261 400 301 461 94
586 402 777 468 ElllllAllDl
800 402 1006 468 EPlS'lOLAE.

592 624 648 686 mr
662 631 715 703 (t).
735 626 786 687 ao
808 625 996 688 sunnam

311 782 383 856 Pro
404 780 562 883 quodam
574 780 628 879 (a)
644 781 761 856 amico
777 797 812 856 et
830 781 1005 858 familiare
1019 808 1103 859 meo
1124 784 1174 859 N.
1199 784 1333 861 videli-

264 913 334 988 cet,
344 898 447 973 fidele
458 915 591 986 vestro,
602 897 726 999 pietati
738 915 866 972 vestrae
879 899 1081 1001 supplicare
1092 900 1179 977 volo
1190 917 1235 975 ut
1248 928 1331 977 eum

263 1020 440 1119 suscipere
457 1016 671 1117 dignemini,
692 1031 746 1106 et,
766 1015 911 1117 quando
929 1016 967 1089 in
986 1033 1120 1092 vestras
1141 1042 1275 1093 onnus
1295 1044 1333 1095 sc

260 1134 581 1223 commendaverit,
597 1133 753 1236 aliquam
773 1134 1060 1210 consolationem
1078 1139 1110 1211 ei
1131 1135 1272 1211 faciatis
1287 1137 1332 1214 tle

259 1254 444 1331 beneficiis
456 1280 539 1356 quae
550 1252 622 1344 hic,
635 1253 673 1326 in
685 1266 807 1326 nostra
819 1252 965 1342 vicinia,
978 1254 1142 1331 absoluta
1153 1270 1191 1328 et
1207 1270 1331 1356 aperta

260 1400 334 1448 esse
359 1387 574 1447 noscuntur.
602 1372 666 1444 Est
688 1370 786 1443 enim
810 1367 920 1444 homo
939 1370 1074 1447 nobilis
1088 1390 1126 1447 et
1147 1371 1259 1449 bonae
1272 1374 1330 1475 (5)

260 1488 363 1577 fidei,
390 1486 484 1562 bene
504 1510 650 1588 quoque
671 1485 799 1560 doctus
819 1486 862 1558 ad
887 1488 1118 1562 serviendum
1140 1488 1270 1562 utilius
1290 1490 1329 1563 in

259 1607 514 1709 qualicumque
530 1607 679 1706 negotio
691 1603 791 1707 quod
804 1603 837 1677 ei
849 1603 962 1679 fuerit
979 1606 1198 1707 injunctum.
1213 1607 1332 1683 Servi·

258 1724 312 1796 vit
332 1724 430 1798 enim
448 1748 515 1798 avo
537 1738 574 1796 et
597 1721 690 1823 patri
714 1734 835 1794 vestro
858 1719 1013 1794 fideliter
1030 1735 1069 1796 et
1087 1734 1260 1797 strenue:
1280 1722 1330 1795 sic

258 1837 410 1914 etvobis
424 1838 539 1912 facere
554 1854 697 1938 paratus
711 1852 782 1926 est,
800 1836 828 1909 si
849 1834 944 1912 Deus
962 1836 1014 1910 illi
1037 1839 1150 1911 vitam
1170 1852 1209 1912 et
1231 1839 1331 1913 sani-

259 1969 370 2029 tatem
387 1950 585 2027 concedere
603 1952 776 2027 voluerit.
797 1952 890 2026 Nam
910 1951 1026 2027 adhuc
1042 1952 1144 2028 valde
1163 1952 1331 2028 infirmos

257 2089 325 2163 est,
340 2088 377 2147 et
395 2072 475 2147 ideo
489 2098 563 2144 non
577 2084 697 2171 potest
709 2070 753 2143 ad
760 2089 916 2145 vestram
929 2073 1161 2173 praesentiam
1177 2074 1327 2148 venires

256 2190 376 2265 veniet
398 2215 481 2262 cum
502 2188 665 2289 primum
682 2190 853 2286 potuerit.
877 2188 1036 2264 Proinde
1057 2214 1189 2290 precor
1209 2191 1328 2291 pieta·

259 2322 332 2381 tem
355 2320 509 2379 vestram
528 2319 569 2377 ut
586 2331 644 2378 me
661 2304 752 2377 scire
772 2305 989 2406 permittatis
1006 2304 1095 2407 qnid
1113 2304 1166 2378 illi
1186 2302 1232 2379 de
1251 2332 1330 2381 ves·

256 2441 323 2496 trae
338 2420 512 2497 bonitatis
528 2436 630 2523 parte
643 2423 858 2523 promittere
876 2422 1029 2523 possim3
1045 2436 1088 2494 nt
1106 2422 1144 2495 in
1157 2420 1255 2498 bona
1268 2448 1330 2523 spc

255 2541 372 2627 vivat,
390 2538 506 2617 donec
522 2540 567 2613 ad
582 2555 739 2614 vestram
756 2541 963 2640 pervenerit
984 2541 1227 2640 praesentiam.

314 3012 427 3073 *llll
451 3012 502 3073 AD
523 3010 815 3073 HLUDOWICUM
835 3010 1034 3074 Batostttlt
1054 3012 1197 3076 REGEH
1210 3015 1264 3096 (4).

302 3166 398 3267 [Oro
407 3166 633 3240 elementiam
644 3167 813 3265 Do]mini
826 3169 896 3241 mci
908 3168 1156 3269 gloriosissimi
1168 3173 1263 3273 regis
1275 3200 1321 3248 ne

286 3377 328 3452 (ι)
346 3377 411 3433 lloc
419 3378 503 3451 epist.
514 3377 567 3433 sub
579 3397 657 3434 num.
668 3397 694 3433 ιι
707 3380 738 3435 in
749 3377 817 3436 edit.
832 3391 957 3438 notatur.

285 3471 328 3544 (a)
346 3467 417 3524 Cod.
430 3467 555 3542 quidum.
1073 3452 1081 3465 ⁶

286 3559 325 3634 (3)
343 3558 415 3617 Cod.
430 3559 508 3614 bene.

284 3652 324 3724 (4)
344 3651 385 3705 Dc
396 3650 458 3721 ejus
470 3646 591 3722 epistola
601 3657 680 3703 textu
690 3648 865 3706 restituendo
876 3669 976 3725 magna
985 3651 1066 3708 nobis
1076 3652 1241 3709 occurrebat
1250 3651 1324 3709 ‹tifi-

247 3743 356 3810 cnltas,
379 3752 441 3797 tum
464 3750 579 3814 propter
599 3738 767 3812 peculiarem
787 3740 913 3813 ejusdem
936 3744 1101 3813 rosteriam,
1124 3755 1186 3801 tum
1205 3755 1324 3820 propter

249 3830 417 3903 multiplices
429 3829 540 3884 lacunas
553 3847 613 3903 quae
627 3830 827 3884 sententiarum
840 3832 956 3898 seriem,
971 3851 1084 3908 quaque
1095 3832 1185 3902 linea,
1199 3832 1322 3889 ditum-

248 3933 329 3997 punt.
349 3923 472 3976 Conatus
482 3931 590 3974 nostros
603 3918 751 3974 benevolus
761 3918 848 3973 lector
860 3920 1010 3976 clementer
1021 3923 1161 3997 excipiens
1172 3942 1189 3976 e
1202 3921 1319 3996 regione

248 4027 327 4069 notas
341 4013 451 4083 gallicas
464 4012 553 4067 rideat
566 4022 595 4067 et
604 4011 639 4066 cl.
657 4013 753 4066 Vitam
764 4010 901 4066 ludovici
909 4013 956 4066 Pii
965 4013 999 4068 ab
1013 4032 1151 4087 anonymo
1164 4033 1225 4087 cap.
1236 4032 1320 4069 xtvsu

248 4103 278 4156 in
291 4101 344 4155 linc
356 4120 400 4174 ap.
414 4101 448 4154 Ι).
461 4101 550 4174 Bouq.
569 4102 621 4168 Vl,
640 4103 703 4167 ¹¹43
717 4109 896 4174 nostramque
910 4101 1044 4156 Einhardi
1058 4103 1142 4157 vitam
1156 4101 1191 4156 ad
1206 4101 1319 4156 initium

249 4193 351 4266 prioris
363 4190 518 4245 voluminis.
