3166 5280
249 396 309 458 304
472 392 654 453 HISTORIA
674 393 989 468 TRANSLATIONIS,
1010 412 1072 455 nc.

249 539 334 586 vero
348 512 423 604 die,
443 511 554 584 frater
570 514 642 610 ejus
655 512 857 612 presbyter,
873 525 910 585 et
925 510 1121 585 monachus
1137 510 1203 612 qui
1220 536 1297 583 cum

249 657 291 704 eo
304 644 469 716 venerat,
494 629 678 725 petierunt
702 643 744 698 ut
765 654 948 701 eumcum
969 625 1110 701 duobus
1131 624 1300 699 fratribus

248 746 319 817 suis
338 745 437 818 laicis
454 747 666 845 reciperem,
687 745 801 819 donec
822 746 888 844 ipsi
906 758 1203 819 reverterentur:
1221 770 1302 817 uam

249 877 330 959 post
346 860 504 932 triduum
522 887 558 934 se
571 858 738 933 dicebant
750 885 823 933 esse
841 884 1058 933 reversuros.
1075 859 1158 933 Feci
1178 874 1220 930 ut
1240 883 1304 931 vo-

249 975 415 1065 luerunt,
444 1001 595 1077 eumque
620 974 833 1075 presbytero
856 990 982 1049 nostro
1005 972 1182 1047 Hiltfrido
1204 998 1305 1047 com-

250 1092 428 1167 mendavi.
449 1096 481 1165 ls
498 1118 582 1164 cum
603 1120 622 1163 a
645 1092 856 1191 presbytero
877 1106 1060 1191 receptus,
1080 1105 1118 1163 et
1136 1092 1175 1164 in
1194 1090 1307 1164 cellu-

251 1209 335 1297 lam,
362 1212 400 1282 in
429 1236 498 1311 qua
525 1212 597 1309 ipse
623 1208 813 1300 manebat,
843 1208 967 1281 fuisset
997 1205 1189 1295 inductus,
1216 1206 1307 1279 circa

253 1353 432 1427 vesperam
462 1326 615 1426 ejusdem
642 1327 733 1415 diei,
763 1342 943 1400 commota
965 1324 1215 1399 vehementius
1240 1348 1307 1425 qua

252 1442 441 1516 tenebatur
459 1444 616 1532 insania,
642 1468 755 1515 uuum
776 1468 796 1515 e
820 1439 993 1514 fratribus
1017 1443 1112 1530 suis,
1140 1442 1204 1541 qui
1229 1466 1308 1513 eum

252 1559 519 1650 custodiebant,
538 1575 682 1659 arrepto
700 1559 833 1649 cultro,
854 1559 951 1660 quod
969 1558 1105 1632 furenti
1124 1584 1226 1630 casus
1242 1554 1310 1631 ob-

253 1678 405 1765 tulerat,
427 1677 540 1751 voluit
557 1677 740 1764 occidere3
760 1677 820 1750 sed
838 1676 898 1750 ille
914 1700 1039 1749 necem
1054 1672 1232 1775 fugiendo
1250 1671 1310 1746 de·

252 1796 419 1884 clinavit,
443 1810 480 1868 et
498 1796 633 1869 nostris
657 1793 883 1883 bominibus,
904 1794 966 1892 qui
986 1818 1101 1891 prope
1120 1808 1252 1879 erant,
1270 1790 1311 1862 de

253 1911 391 1983 vesania
409 1909 504 1981 illius
521 1907 704 1981 indicavit.
724 1909 819 1979 'l'um
836 1906 1035 2007 presbyter,
1055 1906 1112 1978 cui
1126 1932 1215 1978 cura
1233 1928 1310 1979 eum

253 2026 474 2099 custodiendi
493 2053 512 2097 a
531 2025 636 2099 nobis
657 2040 732 2098 erat
751 2026 930 2125 injuncta,
949 2022 1121 2123 suggessit
1136 2020 1244 2111 mibi,
1262 2020 1311 2093 si·

253 2142 401 2241 mulque
416 2142 607 2241 persuasit,
628 2156 668 2213 ut
684 2168 766 2214 eum
780 2142 909 2214 vinciri
927 2140 1191 2240 permitterem.
1205 2138 1313 2213 Vino·

254 2274 311 2331 tus
328 2260 437 2358 igitur
449 2260 581 2332 catonis
596 2258 739 2346 ferreis,
758 2260 793 2330 in
809 2259 903 2332 lecto
917 2257 1132 2344 collocatur3
1151 2254 1312 2331 obsem-

254 2374 370 2474 tisque
380 2374 533 2462 foribus,
546 2374 640 2449 solus
654 2375 690 2446 in
704 2373 870 2448 cubiculo
882 2372 1112 2473 relinquitur.
1125 2368 1315 2446 Excubant

253 2503 336 2562 ante
352 2491 485 2562 ostium
504 2489 632 2563 fratres
649 2494 741 2589 ejus,
761 2505 795 2563 et
812 2490 910 2563 velut
927 2514 1116 2587 erumpere
1135 2486 1313 2561 valentem

253 2606 416 2705 pervigili
442 2632 525 2678 cura
550 2606 770 2680 custodiunt.
792 2608 970 2680 Caeterum
992 2604 1161 2696 vincula,
1184 2602 1315 2705 quibus

253 2720 443 2795 tenebatur
460 2721 669 2811 adstrictus,
690 2722 862 2820 ejusmodi
884 2735 987 2795 erant
1009 2736 1069 2809 ut,
1088 2720 1180 2793 dum
1200 2722 1240 2794 in
1262 2718 1315 2791 bis

253 2853 359 2927 esset,
381 2864 456 2911 non
476 2838 513 2909 in
530 2837 699 2911 dextrum
714 2854 776 2909 aut
794 2839 980 2909 sinistrum
995 2838 1089 2911 latus
1108 2862 1147 2911 se
1162 2860 1317 2911 00an

253 2971 345 3039 tere,
362 2980 477 3053 neque
489 2953 593 3026 aliter
606 2955 674 3027 nisi
688 2955 819 3053 supino
833 2980 985 3053 corpore
993 2956 1113 3053 jacere
1124 2952 1314 3053 potuisset.

303 3304 363 3399 59.
391 3304 570 3375 Dormivit
590 3305 727 3403 itaque,
750 3319 791 3374 ut
810 3305 882 3402 ipse
901 3317 1069 3389 testatur,
1090 3326 1214 3403 neque
1236 3314 1318 3373 ante

253 3421 405 3492 mediam
422 3436 566 3493 noctem
584 3421 775 3519 evigilavit.
791 3418 840 3491 At
855 3418 918 3490 ubi
934 3418 1015 3517 galli
1034 3430 1183 3491 cantare
1200 3442 1319 3519 coepe

254 3549 342 3605 runt
361 3536 648 3635 expergefactus,
676 3535 765 3607 vidit
783 3561 819 3607 se
841 3560 914 3607 non
942 3533 1059 3607 solum
1083 3532 1319 3607 vinculorum

254 3651 405 3726 nexibus
426 3653 602 3740 solutum,
626 3680 751 3725 verum
769 3652 876 3723 etiam
901 3648 1033 3723 morbo
1053 3648 1227 3739 insaniae,
1246 3676 1320 3751 quo

253 3769 495 3857 laboraverat,
519 3768 729 3856 liberatum;
751 3768 941 3866 statimque
958 3766 1001 3838 ad
1023 3765 1149 3839 laudes
1169 3766 1248 3843 Deo
1262 3765 1321 3839 di-

254 3886 380 3959 cendas
393 3901 466 3959 tota
481 3903 602 3959 mente
613 3910 817 3973 conversus,
832 3883 974 3983 psalmis
985 3899 1022 3955 et
1034 3882 1200 3983 hymnis,
1213 3908 1318 3985 quos,

252 4032 327 4104 prae
344 4006 454 4077 nimia
469 4005 726 4105 gratulatione,
743 4002 878 4073 tametsi
898 4001 994 4074 solus
1007 4016 1106 4085 erat,
1125 4001 1215 4073 satis
1227 4000 1320 4075 clare

252 4120 480 4208 decantabat,
509 4148 634 4196 omnes
658 4122 693 4190 in
715 4118 841 4191 vicinia
866 4116 1019 4217 ejusdem
1042 4116 1209 4190 cubiculi
1234 4116 1320 4191 dot*-
