<?xml version="1.0" encoding="UTF-8"?>
<!DOCTYPE html PUBLIC "-//W3C//DTD XHTML 1.0 Transitional//EN"
    "http://www.w3.org/TR/xhtml1/DTD/xhtml1-transitional.dtd">
<html xmlns="http://www.w3.org/1999/xhtml" xml:lang="en" lang="en">
 <head>
  <title>
</title>
<meta http-equiv="Content-Type" content="text/html;charset=utf-8" />
  <meta name='ocr-system' content='tesseract 3.04.00' />
  <meta name='ocr-capabilities' content='ocr_page ocr_carea ocr_par ocr_line ocrx_word'/>
</head>
<body>
  <div class='ocr_page' id='page_1' title='image "./einhardiomniaqu00einhgoog_0049.png"; bbox 0 0 3090 5302; ppageno 0'>
   <div class='ocr_carea' id='block_1_1' title="bbox 234 420 977 488">
    <p class='ocr_par' dir='ltr' id='par_1_1' title="bbox 234 420 977 488">
     <span class='ocr_line' id='line_1_1' title="bbox 234 420 977 488; baseline -0.005 0"><span class='ocrx_word' id='word_1_1' title='bbox 234 429 274 488; x_wconf 75' lang='lat' dir='ltr'><strong>tt</strong></span> <span class='ocrx_word' id='word_1_2' title='bbox 556 421 748 484; x_wconf 77' lang='lat' dir='ltr'><strong>Etttttattot</strong></span> <span class='ocrx_word' id='word_1_3' title='bbox 772 420 977 484; x_wconf 79' lang='lat' dir='ltr'><strong>EPISTOLAE.</strong></span> 
     </span>
    </p>
   </div>
   <div class='ocr_carea' id='block_1_2' title="bbox 232 539 1302 885">
    <p class='ocr_par' dir='ltr' id='par_1_2' title="bbox 232 539 1302 885">
     <span class='ocr_line' id='line_1_2' title="bbox 232 539 1299 643; baseline -0.007 -22"><span class='ocrx_word' id='word_1_4' title='bbox 232 561 357 621; x_wconf 85' lang='lat' dir='ltr'><strong>noster</strong></span> <span class='ocrx_word' id='word_1_5' title='bbox 386 568 450 643; x_wconf 90' lang='lat' dir='ltr'><strong>per</strong></span> <span class='ocrx_word' id='word_1_6' title='bbox 476 543 579 616; x_wconf 94' lang='lat' dir='ltr'><strong>illum</strong></span> <span class='ocrx_word' id='word_1_7' title='bbox 606 540 712 618; x_wconf 89' lang='lat' dir='ltr'><strong>nobis</strong></span> <span class='ocrx_word' id='word_1_8' title='bbox 738 540 873 641; x_wconf 90' lang='lat' dir='ltr'><strong>aliquid</strong></span> <span class='ocrx_word' id='word_1_9' title='bbox 897 539 1066 614; x_wconf 84' lang='lat' dir='ltr'><strong>mandare</strong></span> <span class='ocrx_word' id='word_1_10' title='bbox 1091 540 1299 629; x_wconf 85' lang='lat' dir='ltr'><strong>voluerint,</strong></span> 
     </span>
     <span class='ocr_line' id='line_1_3' title="bbox 234 657 1299 758; baseline -0.007 -21"><span class='ocrx_word' id='word_1_11' title='bbox 234 665 312 737; x_wconf 81' lang='lat' dir='ltr'><strong>aine</strong></span> <span class='ocrx_word' id='word_1_12' title='bbox 328 687 428 737; x_wconf 89' lang='lat' dir='ltr'><strong>mora</strong></span> <span class='ocrx_word' id='word_1_13' title='bbox 448 660 504 734; x_wconf 87' lang='lat' dir='ltr'><strong>vel</strong></span> <span class='ocrx_word' id='word_1_14' title='bbox 528 660 712 745; x_wconf 84' lang='lat' dir='ltr'><strong>tarditate,</strong></span> <span class='ocrx_word' id='word_1_15' title='bbox 737 657 779 730; x_wconf 94' lang='lat' dir='ltr'><strong>ad</strong></span> <span class='ocrx_word' id='word_1_16' title='bbox 803 660 970 733; x_wconf 85' lang='lat' dir='ltr'><strong>Turones</strong></span> <span class='ocrx_word' id='word_1_17' title='bbox 986 683 1135 758; x_wconf 82' lang='lat' dir='ltr'><strong>pergere</strong></span> <span class='ocrx_word' id='word_1_18' title='bbox 1161 659 1299 758; x_wconf 75' lang='lat' dir='ltr'><strong>postit3</strong></span> 
     </span>
     <span class='ocr_line' id='line_1_4' title="bbox 234 776 1302 885; baseline -0.001 -32"><span class='ocrx_word' id='word_1_19' title='bbox 234 782 319 885; x_wconf 89' lang='lat' dir='ltr'><strong>quia</strong></span> <span class='ocrx_word' id='word_1_20' title='bbox 347 778 398 851; x_wconf 92' lang='lat' dir='ltr'><strong>ibi</strong></span> <span class='ocrx_word' id='word_1_21' title='bbox 422 794 483 851; x_wconf 91' lang='lat' dir='ltr'><strong>aut</strong></span> <span class='ocrx_word' id='word_1_22' title='bbox 509 804 576 852; x_wconf 83' lang='lat' dir='ltr'><strong>nos</strong></span> <span class='ocrx_word' id='word_1_23' title='bbox 605 778 718 876; x_wconf 79' lang='lat' dir='ltr'><strong>ipsos,</strong></span> <span class='ocrx_word' id='word_1_24' title='bbox 747 791 810 849; x_wconf 85' lang='lat' dir='ltr'><strong>aut</strong></span> <span class='ocrx_word' id='word_1_25' title='bbox 833 776 1001 850; x_wconf 86' lang='lat' dir='ltr'><strong>dilectam</strong></span> <span class='ocrx_word' id='word_1_26' title='bbox 1026 777 1082 876; x_wconf 84' lang='lat'><strong>(1)</strong></span> <span class='ocrx_word' id='word_1_27' title='bbox 1109 780 1302 879; x_wconf 86' lang='lat' dir='ltr'><strong>oonjugem</strong></span> 
     </span>
    </p>
   </div>
   <div class='ocr_carea' id='block_1_3' title="bbox 234 890 1304 1320">
    <p class='ocr_par' dir='ltr' id='par_1_3' title="bbox 234 890 1304 1320">
     <span class='ocr_line' id='line_1_5' title="bbox 234 890 1304 983; baseline -0.004 -13"><span class='ocrx_word' id='word_1_28' title='bbox 234 911 413 982; x_wconf 88' lang='lat' dir='ltr'><strong>nostram,</strong></span> <span class='ocrx_word' id='word_1_29' title='bbox 438 893 597 967; x_wconf 86' lang='lat' dir='ltr'><strong>Domino</strong></span> <span class='ocrx_word' id='word_1_30' title='bbox 622 891 789 983; x_wconf 84' lang='lat' dir='ltr'><strong>volente,</strong></span> <span class='ocrx_word' id='word_1_31' title='bbox 814 892 1027 965; x_wconf 79' lang='lat' dir='ltr'><strong>inventurus</strong></span> <span class='ocrx_word' id='word_1_32' title='bbox 1050 907 1117 965; x_wconf 73' lang='lat' dir='ltr'><strong>eet.</strong></span> <span class='ocrx_word' id='word_1_33' title='bbox 1142 890 1234 966; x_wconf 84' lang='lat' dir='ltr'><strong>Vide</strong></span> <span class='ocrx_word' id='word_1_34' title='bbox 1261 908 1304 966; x_wconf 87' lang='lat' dir='ltr'><strong>ut</strong></span> 
     </span>
     <span class='ocr_line' id='line_1_6' title="bbox 234 1007 1301 1109; baseline -0.004 -24"><span class='ocrx_word' id='word_1_35' title='bbox 234 1012 371 1086; x_wconf 87' lang='lat' dir='ltr'><strong>nullam</strong></span> <span class='ocrx_word' id='word_1_36' title='bbox 395 1008 525 1085; x_wconf 83' lang='lat' dir='ltr'><strong>exinde</strong></span> <span class='ocrx_word' id='word_1_37' title='bbox 550 1007 676 1082; x_wconf 87' lang='lat' dir='ltr'><strong>habeas</strong></span> <span class='ocrx_word' id='word_1_38' title='bbox 701 1008 956 1108; x_wconf 80' lang='lat' dir='ltr'><strong>negligentiam</strong></span> <span class='ocrx_word' id='word_1_39' title='bbox 984 1008 1064 1105; x_wconf 85' lang='lat' dir='ltr'><strong>(a),</strong></span> <span class='ocrx_word' id='word_1_40' title='bbox 1095 1007 1124 1080; x_wconf 82' lang='lat' dir='ltr'><strong>ei</strong></span> <span class='ocrx_word' id='word_1_41' title='bbox 1150 1009 1301 1109; x_wconf 87' lang='lat' dir='ltr'><strong>gratiam</strong></span> 
     </span>
     <span class='ocr_line' id='line_1_7' title="bbox 234 1124 1301 1224; baseline -0.005 -21"><span class='ocrx_word' id='word_1_42' title='bbox 234 1143 397 1203; x_wconf 84' lang='lat' dir='ltr'><strong>nostram</strong></span> <span class='ocrx_word' id='word_1_43' title='bbox 415 1127 500 1201; x_wconf 81' lang='lat' dir='ltr'><strong>velis</strong></span> <span class='ocrx_word' id='word_1_44' title='bbox 517 1124 661 1200; x_wconf 86' lang='lat' dir='ltr'><strong>habere.</strong></span> <span class='ocrx_word' id='word_1_45' title='bbox 685 1125 782 1224; x_wconf 91' lang='lat' dir='ltr'><strong>Opto</strong></span> <span class='ocrx_word' id='word_1_46' title='bbox 804 1141 846 1196; x_wconf 89' lang='lat' dir='ltr'><strong>ut</strong></span> <span class='ocrx_word' id='word_1_47' title='bbox 863 1151 1004 1224; x_wconf 83' lang='lat' dir='ltr'><strong>semper</strong></span> <span class='ocrx_word' id='word_1_48' title='bbox 1023 1124 1116 1200; x_wconf 87' lang='lat' dir='ltr'><strong>bene</strong></span> <span class='ocrx_word' id='word_1_49' title='bbox 1133 1127 1247 1201; x_wconf 80' lang='lat' dir='ltr'><strong>valeas</strong></span> <span class='ocrx_word' id='word_1_50' title='bbox 1264 1127 1301 1198; x_wconf 93' lang='lat' dir='ltr'><strong>in</strong></span> 
     </span>
     <span class='ocr_line' id='line_1_8' title="bbox 235 1245 406 1320; baseline -0.006 -3"><span class='ocrx_word' id='word_1_51' title='bbox 235 1245 406 1320; x_wconf 88' lang='lat' dir='ltr'><strong>Domino.</strong></span> 
     </span>
    </p>
   </div>
   <div class='ocr_carea' id='block_1_4' title="bbox 245 1474 1289 1639">
    <p class='ocr_par' dir='ltr' id='par_1_4' title="bbox 245 1474 1289 1639">
     <span class='ocr_line' id='line_1_9' title="bbox 245 1474 1289 1551; baseline -0.002 -11"><span class='ocrx_word' id='word_1_52' title='bbox 245 1476 332 1540; x_wconf 84' lang='lat' dir='ltr'><strong>xxt.</strong></span> <span class='ocrx_word' id='word_1_53' title='bbox 355 1475 396 1536; x_wconf 86' lang='grc' dir='ltr'><strong>ΙΝ</strong></span> <span class='ocrx_word' id='word_1_54' title='bbox 420 1474 591 1537; x_wconf 74' lang='lat' dir='ltr'><strong>PERSONA</strong></span> <span class='ocrx_word' id='word_1_55' title='bbox 612 1474 853 1537; x_wconf 77' lang='lat' dir='ltr'><strong>ntnnowlct</strong></span> <span class='ocrx_word' id='word_1_56' title='bbox 876 1476 1159 1551; x_wconf 75' lang='lat' dir='ltr'><strong>turssuarottts,</strong></span> <span class='ocrx_word' id='word_1_57' title='bbox 1180 1478 1233 1538; x_wconf 77' lang='lat' dir='ltr'><strong>tn</strong></span> <span class='ocrx_word' id='word_1_58' title='bbox 1253 1479 1289 1538; x_wconf 88' lang='lat' dir='ltr'><strong>T.</strong></span> 
     </span>
     <span class='ocr_line' id='line_1_10' title="bbox 618 1576 919 1639; baseline 0.003 -1"><span class='ocrx_word' id='word_1_59' title='bbox 618 1576 709 1638; x_wconf 67' lang='lat' dir='ltr'><strong>tatus</strong></span> <span class='ocrx_word' id='word_1_60' title='bbox 731 1576 919 1639; x_wconf 80' lang='lat' dir='ltr'><strong>FlDELEM.</strong></span> 
     </span>
    </p>
   </div>
   <div class='ocr_carea' id='block_1_5' title="bbox 133 1736 1309 3007">
    <p class='ocr_par' dir='ltr' id='par_1_5' title="bbox 286 1736 1304 1813">
     <span class='ocr_line' id='line_1_11' title="bbox 286 1736 1304 1813; baseline -0.002 0"><span class='ocrx_word' id='word_1_61' title='bbox 286 1741 327 1813; x_wconf 89' lang='lat' dir='ltr'><strong>lu</strong></span> <span class='ocrx_word' id='word_1_62' title='bbox 353 1739 503 1813; x_wconf 90' lang='lat' dir='ltr'><strong>nomine</strong></span> <span class='ocrx_word' id='word_1_63' title='bbox 529 1737 676 1811; x_wconf 87' lang='lat' dir='ltr'><strong>Domini</strong></span> <span class='ocrx_word' id='word_1_64' title='bbox 700 1738 764 1811; x_wconf 87' lang='lat' dir='ltr'><strong>Dei</strong></span> <span class='ocrx_word' id='word_1_65' title='bbox 787 1753 824 1809; x_wconf 91' lang='lat' dir='ltr'><strong>et</strong></span> <span class='ocrx_word' id='word_1_66' title='bbox 847 1736 1040 1811; x_wconf 82' lang='lat' dir='ltr'><strong>Salvatorie</strong></span> <span class='ocrx_word' id='word_1_67' title='bbox 1056 1738 1173 1810; x_wconf 79' lang='lat' dir='ltr'><strong>nostri</strong></span> <span class='ocrx_word' id='word_1_68' title='bbox 1196 1737 1304 1812; x_wconf 71' lang='lat' dir='ltr'><strong>lethu</strong></span> 
     </span>
    </p>

    <p class='ocr_par' dir='ltr' id='par_1_6' title="bbox 133 1851 1309 3007">
     <span class='ocr_line' id='line_1_12' title="bbox 202 1851 1302 1954; baseline -0.002 -24"><span class='ocrx_word' id='word_1_69' title='bbox 202 1865 207 1881; x_wconf 85' lang='lat'>&#39;</span> <span class='ocrx_word' id='word_1_70' title='bbox 236 1854 393 1943; x_wconf 84' lang='lat' dir='ltr'><strong>Christi,</strong></span> <span class='ocrx_word' id='word_1_71' title='bbox 415 1851 671 1940; x_wconf 65' lang='lat' dir='ltr'><strong>luodowicus,</strong></span> <span class='ocrx_word' id='word_1_72' title='bbox 694 1853 815 1926; x_wconf 89' lang='lat' dir='ltr'><strong>divina</strong></span> <span class='ocrx_word' id='word_1_73' title='bbox 841 1851 1032 1927; x_wconf 76' lang='lat' dir='ltr'><strong>ordinante</strong></span> <span class='ocrx_word' id='word_1_74' title='bbox 1053 1852 1302 1954; x_wconf 82' lang='lat' dir='ltr'><strong>providentia,</strong></span> 
     </span>
     <span class='ocr_line' id='line_1_13' title="bbox 133 1968 1304 2072; baseline 0 -28"><span class='ocrx_word' id='word_1_75' title='bbox 133 2019 136 2025; x_wconf 91' lang='lat'>·</span> <span class='ocrx_word' id='word_1_76' title='bbox 238 1974 435 2072; x_wconf 83' lang='lat' dir='ltr'><strong>imperator</strong></span> <span class='ocrx_word' id='word_1_77' title='bbox 447 1986 634 2070; x_wconf 80' lang='lat' dir='ltr'><strong>augustus,</strong></span> <span class='ocrx_word' id='word_1_78' title='bbox 650 1970 695 2040; x_wconf 88' lang='grc' dir='ltr'><strong>Τ.</strong></span> <span class='ocrx_word' id='word_1_79' title='bbox 712 1968 807 2044; x_wconf 86' lang='lat' dir='ltr'><strong>fideli</strong></span> <span class='ocrx_word' id='word_1_80' title='bbox 823 1969 1164 2045; x_wconf 78' lang='lat' dir='ltr'><strong>nostro-Notum</strong></span> <span class='ocrx_word' id='word_1_81' title='bbox 1176 1973 1225 2045; x_wconf 81' lang='lat' dir='ltr'><strong>eit</strong></span> <span class='ocrx_word' id='word_1_82' title='bbox 1238 1970 1304 2045; x_wconf 89' lang='lat' dir='ltr'><strong>tibi</strong></span> 
     </span>
     <span class='ocr_line' id='line_1_14' title="bbox 236 2085 1305 2191; baseline 0.001 -28"><span class='ocrx_word' id='word_1_83' title='bbox 236 2087 335 2191; x_wconf 90' lang='lat' dir='ltr'><strong>quod</strong></span> <span class='ocrx_word' id='word_1_84' title='bbox 364 2087 532 2160; x_wconf 83' lang='lat' dir='ltr'><strong>volumus</strong></span> <span class='ocrx_word' id='word_1_85' title='bbox 554 2101 595 2159; x_wconf 87' lang='lat' dir='ltr'><strong>ut</strong></span> <span class='ocrx_word' id='word_1_86' title='bbox 620 2085 757 2162; x_wconf 87' lang='lat' dir='ltr'><strong>adhoc</strong></span> <span class='ocrx_word' id='word_1_87' title='bbox 784 2102 819 2160; x_wconf 92' lang='lat' dir='ltr'><strong>te</strong></span> <span class='ocrx_word' id='word_1_88' title='bbox 840 2112 1018 2187; x_wconf 73' lang='lat' dir='ltr'><strong>praepares</strong></span> <span class='ocrx_word' id='word_1_89' title='bbox 1046 2103 1110 2177; x_wconf 92' lang='lat' dir='ltr'><strong>ut,</strong></span> <span class='ocrx_word' id='word_1_90' title='bbox 1137 2090 1305 2188; x_wconf 90' lang='lat' dir='ltr'><strong>quando·</strong></span> 
     </span>
     <span class='ocr_line' id='line_1_15' title="bbox 238 2201 1308 2305; baseline 0.002 -27"><span class='ocrx_word' id='word_1_91' title='bbox 238 2229 393 2305; x_wconf 90' lang='lat' dir='ltr'><strong>cumque</strong></span> <span class='ocrx_word' id='word_1_92' title='bbox 417 2201 634 2277; x_wconf 81' lang='lat' dir='ltr'><strong>Hrotbertua</strong></span> <span class='ocrx_word' id='word_1_93' title='bbox 660 2204 718 2303; x_wconf 78' lang='lat'><strong>(3)</strong></span> <span class='ocrx_word' id='word_1_94' title='bbox 744 2229 863 2278; x_wconf 82' lang='lat' dir='ltr'><strong>comes</strong></span> <span class='ocrx_word' id='word_1_95' title='bbox 890 2219 928 2278; x_wconf 88' lang='lat' dir='ltr'><strong>et</strong></span> <span class='ocrx_word' id='word_1_96' title='bbox 955 2205 1000 2277; x_wconf 87' lang='lat' dir='ltr'><strong>ll.</strong></span> <span class='ocrx_word' id='word_1_97' title='bbox 1034 2206 1160 2277; x_wconf 82' lang='lat' dir='ltr'><strong>missus</strong></span> <span class='ocrx_word' id='word_1_98' title='bbox 1183 2221 1308 2282; x_wconf 81' lang='lat' dir='ltr'><strong>noster</strong></span> 
     </span>
     <span class='ocr_line' id='line_1_16' title="bbox 237 2315 1308 2420; baseline 0.005 -29"><span class='ocrx_word' id='word_1_99' title='bbox 237 2346 302 2420; x_wconf 91' lang='lat' dir='ltr'><strong>per</strong></span> <span class='ocrx_word' id='word_1_100' title='bbox 324 2336 358 2392; x_wconf 91' lang='lat' dir='ltr'><strong>te</strong></span> <span class='ocrx_word' id='word_1_101' title='bbox 377 2315 485 2392; x_wconf 80' lang='lat' dir='ltr'><strong>nobis</strong></span> <span class='ocrx_word' id='word_1_102' title='bbox 505 2316 640 2419; x_wconf 90' lang='lat' dir='ltr'><strong>aliquid</strong></span> <span class='ocrx_word' id='word_1_103' title='bbox 661 2318 829 2392; x_wconf 90' lang='lat' dir='ltr'><strong>mandare</strong></span> <span class='ocrx_word' id='word_1_104' title='bbox 844 2319 1026 2394; x_wconf 85' lang='lat' dir='ltr'><strong>voluerint</strong></span> <span class='ocrx_word' id='word_1_105' title='bbox 1036 2374 1048 2410; x_wconf 92' lang='lat'><strong>,</strong></span> <span class='ocrx_word' id='word_1_106' title='bbox 1069 2320 1210 2411; x_wconf 86' lang='lat' dir='ltr'><strong>statim,</strong></span> <span class='ocrx_word' id='word_1_107' title='bbox 1230 2323 1308 2397; x_wconf 79' lang='lat' dir='ltr'><strong>sine</strong></span> 
     </span>
     <span class='ocr_line' id='line_1_17' title="bbox 237 2433 1309 2536; baseline 0.001 -28"><span class='ocrx_word' id='word_1_108' title='bbox 237 2460 339 2509; x_wconf 93' lang='lat' dir='ltr'><strong>mora</strong></span> <span class='ocrx_word' id='word_1_109' title='bbox 356 2434 412 2509; x_wconf 81' lang='lat' dir='ltr'><strong>vel</strong></span> <span class='ocrx_word' id='word_1_110' title='bbox 428 2434 545 2536; x_wconf 88' lang='lat' dir='ltr'><strong>aliqua</strong></span> <span class='ocrx_word' id='word_1_111' title='bbox 563 2433 748 2524; x_wconf 78' lang='lat' dir='ltr'><strong>tarditate,</strong></span> <span class='ocrx_word' id='word_1_112' title='bbox 769 2461 850 2507; x_wconf 92' lang='lat' dir='ltr'><strong>cum</strong></span> <span class='ocrx_word' id='word_1_113' title='bbox 869 2436 947 2534; x_wconf 77' lang='lat' dir='ltr'><strong>ipso</strong></span> <span class='ocrx_word' id='word_1_114' title='bbox 964 2434 1148 2526; x_wconf 84' lang='lat' dir='ltr'><strong>mandato,</strong></span> <span class='ocrx_word' id='word_1_115' title='bbox 1168 2435 1211 2510; x_wconf 91' lang='lat' dir='ltr'><strong>ad</strong></span> <span class='ocrx_word' id='word_1_116' title='bbox 1229 2439 1309 2511; x_wconf 75' lang='lat' dir='ltr'><strong>&#39;l&#39;u-</strong></span> 
     </span>
     <span class='ocr_line' id='line_1_18' title="bbox 239 2550 1308 2654; baseline -0.001 -26"><span class='ocrx_word' id='word_1_117' title='bbox 239 2579 346 2628; x_wconf 85' lang='lat' dir='ltr'><strong>rones</strong></span> <span class='ocrx_word' id='word_1_118' title='bbox 363 2555 418 2652; x_wconf 78' lang='grc'><strong>(4)</strong></span> <span class='ocrx_word' id='word_1_119' title='bbox 435 2578 584 2653; x_wconf 80' lang='lat' dir='ltr'><strong>pergere</strong></span> <span class='ocrx_word' id='word_1_120' title='bbox 600 2553 714 2654; x_wconf 90' lang='lat' dir='ltr'><strong>possis</strong></span> <span class='ocrx_word' id='word_1_121' title='bbox 734 2582 742 2623; x_wconf 74' lang='grc' dir='ltr'>ε</span> <span class='ocrx_word' id='word_1_122' title='bbox 763 2554 848 2654; x_wconf 91' lang='lat' dir='ltr'><strong>quia</strong></span> <span class='ocrx_word' id='word_1_123' title='bbox 869 2550 918 2624; x_wconf 91' lang='lat' dir='ltr'><strong>ibi</strong></span> <span class='ocrx_word' id='word_1_124' title='bbox 938 2569 1001 2625; x_wconf 89' lang='lat' dir='ltr'><strong>aut</strong></span> <span class='ocrx_word' id='word_1_125' title='bbox 1020 2579 1086 2628; x_wconf 87' lang='lat' dir='ltr'><strong>nos</strong></span> <span class='ocrx_word' id='word_1_126' title='bbox 1107 2555 1222 2654; x_wconf 75' lang='lat' dir='ltr'><strong>ipsos,</strong></span> <span class='ocrx_word' id='word_1_127' title='bbox 1245 2571 1308 2627; x_wconf 88' lang='lat' dir='ltr'><strong>aut</strong></span> 
     </span>
     <span class='ocr_line' id='line_1_19' title="bbox 237 2669 1309 2772; baseline 0.002 -28"><span class='ocrx_word' id='word_1_128' title='bbox 237 2669 406 2746; x_wconf 81' lang='lat' dir='ltr'><strong>dilectam</strong></span> <span class='ocrx_word' id='word_1_129' title='bbox 421 2673 613 2772; x_wconf 89' lang='lat' dir='ltr'><strong>conjugem</strong></span> <span class='ocrx_word' id='word_1_130' title='bbox 631 2688 812 2759; x_wconf 86' lang='lat' dir='ltr'><strong>nostram,</strong></span> <span class='ocrx_word' id='word_1_131' title='bbox 827 2671 985 2746; x_wconf 85' lang='lat' dir='ltr'><strong>Domino</strong></span> <span class='ocrx_word' id='word_1_132' title='bbox 1003 2670 1165 2762; x_wconf 87' lang='lat' dir='ltr'><strong>volente,</strong></span> <span class='ocrx_word' id='word_1_133' title='bbox 1186 2673 1309 2746; x_wconf 88' lang='lat' dir='ltr'><strong>inven-</strong></span> 
     </span>
     <span class='ocr_line' id='line_1_20' title="bbox 239 2785 1306 2889; baseline 0.002 -29"><span class='ocrx_word' id='word_1_134' title='bbox 239 2803 343 2860; x_wconf 77' lang='lat' dir='ltr'><strong>turus</strong></span> <span class='ocrx_word' id='word_1_135' title='bbox 355 2813 405 2861; x_wconf 85' lang='lat' dir='ltr'><strong>es.</strong></span> <span class='ocrx_word' id='word_1_136' title='bbox 424 2785 516 2860; x_wconf 85' lang='lat' dir='ltr'><strong>Vide</strong></span> <span class='ocrx_word' id='word_1_137' title='bbox 532 2803 572 2860; x_wconf 89' lang='lat' dir='ltr'><strong>ut</strong></span> <span class='ocrx_word' id='word_1_138' title='bbox 589 2786 728 2860; x_wconf 88' lang='lat' dir='ltr'><strong>nullam</strong></span> <span class='ocrx_word' id='word_1_139' title='bbox 744 2786 874 2861; x_wconf 88' lang='lat' dir='ltr'><strong>exinde</strong></span> <span class='ocrx_word' id='word_1_140' title='bbox 893 2785 1020 2860; x_wconf 79' lang='lat' dir='ltr'><strong>habeas</strong></span> <span class='ocrx_word' id='word_1_141' title='bbox 1032 2785 1306 2889; x_wconf 87' lang='lat' dir='ltr'><strong>negligentiam,</strong></span> 
     </span>
     <span class='ocr_line' id='line_1_21' title="bbox 238 2901 879 3007; baseline -0.003 -30"><span class='ocrx_word' id='word_1_142' title='bbox 238 2907 267 2979; x_wconf 82' lang='lat' dir='ltr'><strong>si</strong></span> <span class='ocrx_word' id='word_1_143' title='bbox 284 2906 434 3007; x_wconf 84' lang='lat' dir='ltr'><strong>gratiam</strong></span> <span class='ocrx_word' id='word_1_144' title='bbox 453 2923 616 2981; x_wconf 82' lang='lat' dir='ltr'><strong>nostram</strong></span> <span class='ocrx_word' id='word_1_145' title='bbox 633 2905 720 2980; x_wconf 84' lang='lat' dir='ltr'><strong>velis</strong></span> <span class='ocrx_word' id='word_1_146' title='bbox 736 2901 879 2978; x_wconf 88' lang='lat' dir='ltr'><strong>babere.</strong></span> 
     </span>
    </p>
   </div>
   <div class='ocr_carea' id='block_1_6' title="bbox 438 3254 1108 3318">
    <p class='ocr_par' dir='ltr' id='par_1_7' title="bbox 438 3254 1108 3318">
     <span class='ocr_line' id='line_1_22' title="bbox 438 3254 1108 3318; baseline 0.001 -3"><span class='ocrx_word' id='word_1_147' title='bbox 438 3254 540 3317; x_wconf 81' lang='lat' dir='ltr'><strong>xxlt.</strong></span> <span class='ocrx_word' id='word_1_148' title='bbox 563 3256 613 3316; x_wconf 79' lang='lat' dir='ltr'><strong>tn</strong></span> <span class='ocrx_word' id='word_1_149' title='bbox 635 3260 669 3316; x_wconf 75' lang='lat' dir='ltr'><strong>A.</strong></span> <span class='ocrx_word' id='word_1_150' title='bbox 692 3256 842 3317; x_wconf 64' lang='lat' dir='ltr'><strong>MlffiUM</strong></span> <span class='ocrx_word' id='word_1_151' title='bbox 863 3256 1108 3318; x_wconf 77' lang='lat' dir='ltr'><strong>notssrttcutt.</strong></span> 
     </span>
    </p>
   </div>
   <div class='ocr_carea' id='block_1_7' title="bbox 241 3411 1310 3753">
    <p class='ocr_par' dir='ltr' id='par_1_8' title="bbox 241 3411 1310 3753">
     <span class='ocr_line' id='line_1_23' title="bbox 292 3411 1310 3505; baseline -0.002 -16"><span class='ocrx_word' id='word_1_152' title='bbox 292 3418 431 3492; x_wconf 87' lang='lat' dir='ltr'><strong>Dilecto</strong></span> <span class='ocrx_word' id='word_1_153' title='bbox 444 3416 548 3488; x_wconf 85' lang='lat' dir='ltr'><strong>fratri</strong></span> <span class='ocrx_word' id='word_1_154' title='bbox 565 3433 601 3490; x_wconf 87' lang='lat' dir='ltr'><strong>et</strong></span> <span class='ocrx_word' id='word_1_155' title='bbox 614 3418 731 3490; x_wconf 90' lang='lat' dir='ltr'><strong>amico</strong></span> <span class='ocrx_word' id='word_1_156' title='bbox 744 3417 789 3489; x_wconf 84' lang='grc' dir='ltr'><strong>Α.</strong></span> <span class='ocrx_word' id='word_1_157' title='bbox 805 3418 913 3490; x_wconf 80' lang='lat' dir='ltr'><strong>misso</strong></span> <span class='ocrx_word' id='word_1_158' title='bbox 932 3417 1135 3505; x_wconf 90' lang='lat' dir='ltr'><strong>dominico,</strong></span> <span class='ocrx_word' id='word_1_159' title='bbox 1152 3411 1310 3488; x_wconf 85' lang='lat' dir='ltr'><strong>Einhar-</strong></span> 
     </span>
     <span class='ocr_line' id='line_1_24' title="bbox 241 3531 1308 3634; baseline -0.006 -25"><span class='ocrx_word' id='word_1_160' title='bbox 241 3534 309 3609; x_wconf 83' lang='lat' dir='ltr'><strong>dua</strong></span> <span class='ocrx_word' id='word_1_161' title='bbox 321 3534 576 3634; x_wconf 88' lang='lat' dir='ltr'><strong>sempiternam</strong></span> <span class='ocrx_word' id='word_1_162' title='bbox 591 3534 628 3606; x_wconf 91' lang='lat' dir='ltr'><strong>in</strong></span> <span class='ocrx_word' id='word_1_163' title='bbox 642 3535 803 3607; x_wconf 90' lang='lat' dir='ltr'><strong>Domino</strong></span> <span class='ocrx_word' id='word_1_164' title='bbox 819 3534 982 3608; x_wconf 80' lang='lat' dir='ltr'><strong>salutem.</strong></span> <span class='ocrx_word' id='word_1_165' title='bbox 999 3531 1229 3606; x_wconf 86' lang='lat' dir='ltr'><strong>-Putabam</strong></span> <span class='ocrx_word' id='word_1_166' title='bbox 1242 3531 1308 3604; x_wconf 90' lang='lat' dir='ltr'><strong>tibi</strong></span> 
     </span>
     <span class='ocr_line' id='line_1_25' title="bbox 242 3649 1310 3753; baseline -0.007 -25"><span class='ocrx_word' id='word_1_167' title='bbox 242 3651 335 3727; x_wconf 86' lang='lat' dir='ltr'><strong>bene</strong></span> <span class='ocrx_word' id='word_1_168' title='bbox 348 3652 537 3753; x_wconf 87' lang='lat' dir='ltr'><strong>cognitum</strong></span> <span class='ocrx_word' id='word_1_169' title='bbox 551 3676 624 3725; x_wconf 85' lang='lat' dir='ltr'><strong>esse</strong></span> <span class='ocrx_word' id='word_1_170' title='bbox 638 3651 737 3752; x_wconf 88' lang='lat' dir='ltr'><strong>quod</strong></span> <span class='ocrx_word' id='word_1_171' title='bbox 753 3650 916 3726; x_wconf 85' lang='lat' dir='ltr'><strong>homines</strong></span> <span class='ocrx_word' id='word_1_172' title='bbox 928 3653 1063 3741; x_wconf 87' lang='lat' dir='ltr'><strong>nostri,</strong></span> <span class='ocrx_word' id='word_1_173' title='bbox 1082 3677 1174 3753; x_wconf 84' lang='lat' dir='ltr'><strong>quos</strong></span> <span class='ocrx_word' id='word_1_174' title='bbox 1185 3653 1223 3725; x_wconf 94' lang='lat' dir='ltr'><strong>in</strong></span> <span class='ocrx_word' id='word_1_175' title='bbox 1235 3649 1310 3722; x_wconf 84' lang='lat' dir='ltr'><strong>istis</strong></span> 
     </span>
    </p>
   </div>
   <div class='ocr_carea' id='block_1_8' title="bbox 276 3917 762 4260">
    <p class='ocr_par' dir='ltr' id='par_1_9' title="bbox 276 3917 563 3994">
     <span class='ocr_line' id='line_1_26' title="bbox 276 3917 563 3994; baseline -0.021 -17"><span class='ocrx_word' id='word_1_176' title='bbox 276 3925 315 3994; x_wconf 84' lang='grc' dir='ltr'><strong>(ι)</strong></span> <span class='ocrx_word' id='word_1_177' title='bbox 332 3919 403 3978; x_wconf 86' lang='lat' dir='ltr'><strong>cod.</strong></span> <span class='ocrx_word' id='word_1_178' title='bbox 417 3917 563 3974; x_wconf 81' lang='lat' dir='ltr'><strong>delectam.</strong></span> 
     </span>
    </p>

    <p class='ocr_par' dir='ltr' id='par_1_10' title="bbox 276 4008 636 4082">
     <span class='ocr_line' id='line_1_27' title="bbox 276 4008 636 4082; baseline -0.022 -14"><span class='ocrx_word' id='word_1_179' title='bbox 276 4012 315 4080; x_wconf 69' lang='lat' dir='ltr'><strong>(a)</strong></span> <span class='ocrx_word' id='word_1_180' title='bbox 332 4010 403 4066; x_wconf 87' lang='lat' dir='ltr'><strong>eod.</strong></span> <span class='ocrx_word' id='word_1_181' title='bbox 419 4008 636 4082; x_wconf 79' lang='lat' dir='ltr'><strong>neglegentiam.</strong></span> 
     </span>
    </p>

    <p class='ocr_par' dir='ltr' id='par_1_11' title="bbox 276 4093 762 4260">
     <span class='ocr_line' id='line_1_28' title="bbox 276 4093 762 4169; baseline -0.016 -15"><span class='ocrx_word' id='word_1_182' title='bbox 276 4097 315 4169; x_wconf 81' lang='lat'><strong>(3)</strong></span> <span class='ocrx_word' id='word_1_183' title='bbox 333 4101 387 4154; x_wconf 87' lang='lat' dir='ltr'><strong>lllc</strong></span> <span class='ocrx_word' id='word_1_184' title='bbox 401 4098 461 4154; x_wconf 90' lang='lat' dir='ltr'><strong>eod.</strong></span> <span class='ocrx_word' id='word_1_185' title='bbox 476 4109 586 4153; x_wconf 87' lang='lat' dir='ltr'><strong>tantum</strong></span> <span class='ocrx_word' id='word_1_186' title='bbox 599 4096 685 4152; x_wconf 85' lang='lat' dir='ltr'><strong>habet</strong></span> <span class='ocrx_word' id='word_1_187' title='bbox 698 4093 762 4148; x_wconf 84' lang='lat' dir='ltr'><strong>Hrt.</strong></span> 
     </span>
     <span class='ocr_line' id='line_1_29' title="bbox 277 4190 553 4260; baseline -0.011 -14"><span class='ocrx_word' id='word_1_188' title='bbox 277 4192 315 4260; x_wconf 76' lang='lat' dir='ltr'><strong>(l)</strong></span> <span class='ocrx_word' id='word_1_189' title='bbox 332 4190 401 4244; x_wconf 86' lang='lat' dir='ltr'><strong>Cod.</strong></span> <span class='ocrx_word' id='word_1_190' title='bbox 416 4191 553 4244; x_wconf 65' lang='lat' dir='ltr'><strong>Turonos.</strong></span> 
     </span>
    </p>
   </div>
   <div class='ocr_carea' id='block_1_9' title="bbox 0 0 1558 5302">
    <p class='ocr_par' dir='ltr' id='par_1_12' title="bbox 0 0 1558 5302">
     <span class='ocr_line' id='line_1_30' title="bbox 0 0 1558 5302; baseline 0 0"><span class='ocrx_word' id='word_1_191' title='bbox 0 0 1558 5302; x_wconf 95' lang='lat' dir='ltr'><strong> </strong></span> 
     </span>
    </p>
   </div>
  </div>
 </body>
</html>
