3166 5280
255 362 317 421 ³70
481 355 661 417 ntstottta
681 356 995 431 rnaustnttouts,
1016 378 1077 419 trc.

256 480 352 583 quotl
362 502 425 577 per
436 476 741 549 virtutcmsshristi
752 492 787 551 ct
799 478 924 551 merita
935 492 1133 577 martyrum
1143 504 1303 575 suorum,

256 596 411 695 perfidus
421 620 597 693 possessor
610 597 683 693 ejus
701 596 774 669 cito
790 592 886 668 foret
905 596 1079 667 exiturus.
1102 596 1303 697 Nequeunt

255 738 332 811 spes
347 726 468 783 nostra
485 710 623 785 fefellit.
643 710 733 781 Nam
757 727 839 809 post
860 710 1095 785 relectionem
1120 712 1168 784 ad
1195 714 1301 789 eccle-

255 830 340 901 siam
352 828 513 927 regressi,
529 843 652 900 exacto
663 826 856 919 daemonio,
871 854 990 900 sanam
1005 827 1105 903 illam
1116 843 1157 903 et
1168 830 1300 905 incolu-

253 972 348 1019 mcm
357 999 368 1033 ,
383 972 423 1017 ac
439 972 503 1043 per
522 946 641 1041 omnia
659 946 788 1017 mentis
804 972 878 1017 suae
894 961 1101 1045 compotem
1110 998 1124 1035 ,
1143 962 1253 1047 atquc
1266 948 1298 1023 itt

253 1063 317 1135 Dei
338 1058 501 1133 laudibus
522 1060 739 1133 exultantem
765 1062 979 1135 invenimus.
1002 1064 1052 1133 Et
1071 1060 1143 1135 hoc
1164 1064 1295 1165 quidem

254 1180 395 1277 signum
428 1177 464 1247 in
494 1175 647 1248 adventu
682 1176 914 1277 reliquiarum
948 1176 1143 1251 beatorum
1175 1178 1294 1253 Christi

252 1308 453 1393 martyrum
472 1292 570 1365 Proti
593 1308 630 1365 et
651 1292 859 1391 Hyacinthi,
875 1297 976 1391 juxta
995 1294 1149 1367 modum
1168 1296 1294 1371 anobis

252 1406 561 1507 comprehensum,
575 1424 714 1481 constat
726 1434 798 1481 esse
808 1409 1026 1508 completum
1040 1409 1157 1484 :illud
1172 1428 1290 1497 autffl,

251 1524 349 1629 quod
365 1540 488 1599 sancto
505 1526 663 1598 Hermeti
677 1524 904 1613 adscribitur,
919 1551 994 1626 quo
1014 1527 1063 1601 sit
1081 1526 1293 1629 otrlinegtt-

254 1660 351 1731 tum,
364 1642 531 1741 praesenti
540 1642 755 1747 narratione
771 1640 932 1716 clarebit.

297 2930 357 3003 93.
372 2928 521 3002 Colonia
536 2926 746 3025 metropolis
758 2940 810 2999 est
823 2926 860 2998 in
874 2926 1006 3001 linibus
1023 2926 1285 3021 llibuarioruu,

249 3072 354 3146 super
369 3048 531 3119 llrenum
552 3046 678 3143 posita.
703 3044 759 3117 Ex
785 3070 854 3145 qua
874 3043 1006 3117 femina
1022 3046 1196 3146 quasdam
1210 3060 1286 3133 ent,

250 3192 268 3235 a
292 3162 437 3237 renibus
460 3162 625 3237 deorsum
649 3162 786 3234 diutina
810 3187 1005 3235 nervorum
1026 3164 1287 3241 distensionem

251 3294 390 3352 tantum
406 3277 606 3366 debilitata,
626 3294 685 3365 ut,
708 3292 839 3379 negato
854 3276 922 3352 sibi
941 3304 1096 3355 crurtrm
1112 3308 1159 3355 ac
1179 3280 1287 3385 pedum

250 3394 385 3485 officio,
399 3421 473 3469 nou
492 3394 595 3469 aliter
605 3421 711 3495 quam
726 3394 869 3482 sedens,
885 3394 1063 3493 porrectis
1074 3396 1114 3471 in
1129 3398 1289 3473 ananim

249 3509 412 3611 pedibus,
423 3536 463 3581 ac
476 3510 641 3584 manibus
661 3512 844 3583 interram
862 3510 987 3609 positis
1006 3512 1190 3603 inuitem,
1205 3534 1290 3613 aequ

249 3626 317 3700 hoc
335 3624 444 3699 modo
459 3652 695 3725 promovens,
716 3628 830 3700 ricem
850 3624 1059 3699 ambulandi
1076 3628 1224 3731 explere
1235 3652 1291 3727 pt·

249 3744 385 3816 tuisset.
402 3744 504 3829 llaec,
521 3742 649 3814 auditis
668 3742 847 3815 miraculis
859 3756 966 3841 atque
983 3740 1210 3833 virtutibus,
1221 3764 1292 3845 qu

249 3860 424 3933 Dominus
444 3884 509 3957 per
531 3872 670 3930 sanctos
687 3872 862 3957 martyres
881 3882 977 3945 suos,
993 3858 1292 3935 Marcellinum!

248 3976 415 4060 Petrum,
448 3976 484 4045 in
513 3974 697 4046 curatione
722 3972 950 4047 infirmorum
974 3988 1090 4075 atque
1113 3974 1290 4057 debiliora,

249 4106 414 4189 operatus
431 4106 503 4177 est,
524 4090 566 4163 ael
588 4090 766 4163 basilicam
789 4115 914 4163 eorum
937 4090 1292 4191 sortire-gestivit&
