3166 5280
257 413 316 474 398
533 410 748 472 RHYTHMUS
769 411 821 472 DE
843 412 1020 473 PASSIONE

257 544 363 635 Quem
378 544 496 633 pagani
513 544 777 634 comprehensum
793 546 840 633 (1)
856 546 944 612 duris
961 561 1094 613 nectunt
1108 548 1254 627 vinculis,

255 662 303 726 Ae
319 656 490 749 permulta
506 656 657 725 laniatum
677 674 906 727 tormentorum
922 684 1057 749 genera,

254 771 305 837 Ad
321 787 495 838 extremum
513 772 681 839 tenebroso
698 774 923 865 manciparunt
938 778 1072 843 carceri.

254 886 474 977 Imprudentes
489 886 636 953 arbitrati
653 887 740 977 quod
758 912 814 980 per
828 904 916 957 artus
932 892 1077 981 eorporis

254 1002 352 1068 Poena
369 1001 488 1067 inflicta
507 1002 691 1091 praevaleret
705 1002 823 1070 Christi
840 1002 935 1070 fidem
949 1002 1081 1083 toliere,

253 1117 317 1186 Sed
331 1142 400 1197 eor,
420 1116 500 1183 eoelo
512 1120 560 1205 (a)
577 1118 674 1184 fixum
691 1120 839 1201 manens,
856 1122 956 1187 nescit
973 1120 1082 1211 flagris
1097 1120 1222 1187 cedere.

254 1234 316 1301 Cui
328 1248 433 1300 eustos
448 1232 616 1324 deputatus
632 1234 757 1325 praefuit
770 1234 955 1303 brthenrius
966 1236 1035 1324 (3),

254 1348 323 1439 Qui
335 1371 463 1414 reorum
482 1348 606 1415 turbam
624 1347 702 1415 diris
719 1350 956 1440 constringebat
972 1352 1129 1431 vinculis,

252 1466 357 1554 Atque
373 1462 510 1530 claustra
526 1462 658 1553 caligosi
673 1463 818 1531 servabat
832 1462 996 1555 ergastuli.

251 1581 328 1646 Erat
344 1580 397 1646 eui
414 1602 486 1644 cara
501 1578 594 1645 valde
614 1595 706 1660 nata,
726 1580 826 1669 Virgo
843 1582 989 1660 nomine,

252 1694 336 1786 Quae
349 1694 456 1759 invasa
471 1692 636 1785 praeieroci
652 1692 826 1760 vexabatur
841 1694 1002 1775 demone,

250 1816 291 1882 Et
306 1830 438 1907 paterna
452 1838 533 1881 stara
549 1836 645 1905 poena
661 1813 825 1881 cruciabat
839 1830 980 1905 pectora.

296 1940 329 1997 2.
354 1929 454 2022 Quod
467 1954 541 1995 eum
549 1930 662 1995 Petrus
674 1933 888 2020 comperisset,
902 1927 1073 2021 compellat
1082 1930 1295 2011 Arthemium,

251 2048 387 2113 Monens
403 2042 497 2113 simui
514 2060 545 2112 et
556 2045 739 2127 exhortans,
755 2046 874 2113 Christi
891 2045 982 2114 miles
996 2046 1145 2129 inolitus,

251 2164 447 2229 Meroaretur
464 2175 572 2226 saneta
592 2158 656 2225 fide
674 2174 710 2226 ut
726 2160 859 2228 salutem
874 2160 965 2229 filiae:

255 2278 404 2358 «Deum,
423 2275 519 2356 dixit,
536 2274 630 2342 erede
642 2274 825 2357 Christum,
840 2278 897 2367 qui
914 2279 1033 2344 creavit
1047 2278 1175 2357 omnia,

252 2394 320 2486 Qui
334 2392 450 2461 eoelum
468 2407 647 2482 terramque
661 2415 717 2457 sua
731 2394 874 2463 eontinet
890 2394 923 2459 in
938 2393 1084 2475 dextera,

250 2510 291 2574 Et
306 2508 364 2599 qui
379 2507 449 2573 miti
466 2521 629 2597 potentatu
641 2508 780 2596 protegit
794 2506 881 2597 quod
899 2507 1050 2598 possidet.
1067 2534 1083 2570 a

251 2624 374 2689 -Haee
394 2622 486 2688 beato
502 2619 682 2711 proferente
698 2623 794 2689 Petro
809 2622 929 2690 Christi
942 2622 1083 2703 samnio,

251 2737 365 2805 Custos
382 2735 436 2803 ille
450 2735 610 2803 tenebrosi
626 2738 761 2803 carceris
777 2737 963 2806 Arthemius

251 2853 349 2920 Plura
365 2851 450 2919 diota
467 2866 578 2919 contra
592 2849 706 2932 refert,
719 2850 773 2917 sed
791 2850 901 2919 eadem
915 2850 1050 2919 frivola:

255 2996 271 3031 n
282 2969 355 3033 Non
371 2980 433 3047 est,
453 2967 575 3056 inquit,
594 2989 718 3046 rerum,
737 2966 849 3045 Petre,
868 2989 972 3056 neque
986 2966 1177 3047 verisimile,

249 3083 353 3148 Meam
369 3096 442 3147 tuus
452 3081 551 3171 possit
566 3080 712 3147 Christus
728 3095 763 3147 ut
778 3080 899 3147 salvare
915 3081 1032 3161 fiham,

251 3200 321 3289 Qui
336 3196 462 3263 nulium
473 3196 601 3263 exhibet
613 3198 678 3263 suis
691 3197 832 3264 solamen
846 3196 1032 3265 cultoribus.

252 3312 383 3391 Ferret,
400 3325 495 3401 puto,
511 3310 537 3376 si
549 3310 685 3391 valeret,
702 3333 796 3401 opem
810 3311 876 3377 suis
889 3309 1035 3393 tamnus,

252 3425 316 3493 Sed
332 3425 395 3491 hoe
412 3422 504 3490 iilum
521 3447 587 3490 non
602 3422 706 3490 valere
723 3424 865 3515 produnt
881 3423 936 3492 ilia
948 3424 1093 3505 verbera,

253 3542 337 3634 Quae
351 3556 387 3608 tu
402 3539 525 3634 dudum
541 3554 671 3630 propter
687 3541 792 3630 ipsum
811 3539 977 3607 tolerando
995 3538 1117 3607 deficis.
1134 3566 1151 3603 a

288 3874 326 3941 (r)
343 3870 413 3926 Cod.
429 3870 541 3924 hletens.
558 3868 818 3939 conprehensum...
832 3866 1011 3938 inprudenter
1024 3876 1053 3921 et
1071 3866 1110 3921 tie
1127 3882 1237 3941 semper
1253 3866 1302 3923 iit·

252 3980 338 4023 teram
352 3988 378 4021 m
389 3978 452 4022 ante
463 3966 568 4020 litteras
578 3986 613 4036 p,
627 3965 644 4018 b
656 3974 685 4019 et
696 3984 722 4017 m
733 3963 809 4035 tegit.

287 4065 327 4131 (2)
344 4061 412 4117 Cod.
429 4062 504 4115 caelo
518 4070 546 4115 et
559 4062 598 4114 sie
609 4058 746 4132 deinceps.

287 4156 325 4225 (3)
343 4156 411 4211 Cod.
428 4158 569 4211 Artemius
580 4165 609 4209 et
621 4155 658 4209 sic
671 4155 808 4226 deinceps.
