3166 5280
251 338 291 401 46
573 333 769 398 Elttflttlbl
791 333 996 399 EPISTOLAE.

250 475 330 531 tum
346 459 421 556 ipse
439 457 629 546 annuerit,
650 459 708 530 cui
728 472 763 531 tc
779 473 899 532 totum
920 456 1154 546 commisisti,
1172 458 1321 557 ejus(1)

249 572 425 647 mundatis
440 571 562 645 insiste
576 569 766 646 discendis.
782 574 846 645 llis
861 571 1009 673 edoctus
1022 572 1097 671 (2),
1110 586 1147 648 et
1160 573 1199 646 in
1210 597 1323 674 opere

251 713 379 764 eorum
398 701 574 776 assuetus,
593 686 697 762 nullo
721 687 839 761 vitalis
862 688 1022 763 scientiae
1048 686 1243 764 commodo
1263 714 1324 761 ca·

251 806 360 883 rebis.
381 806 482 879 Sicut
498 819 534 880 te
554 832 712 906 praesens
735 807 881 896 monui,
907 808 946 880 in
969 805 1090 882 studio
1106 805 1265 882 discendi
1286 820 1324 880 te

252 950 395 1014 exerce,
409 939 445 998 et
458 923 634 1026 quicquid
646 949 690 998 ex
708 926 786 1024 ipso
804 924 1026 1000 lucidissimo
1039 939 1077 1000 et
1091 922 1324 999 abundantis

251 1042 344 1117 simo
362 1041 481 1141 magni
499 1041 655 1115 oratoris
671 1041 729 1140 (ὅ)
743 1041 891 1142 ingenio
907 1042 1044 1142 assequi
1063 1038 1197 1116 nobilis
1209 1040 1325 1114 scien·

252 1159 314 1233 tire
326 1158 510 1259 potueris,
526 1157 619 1230 nihil
636 1158 814 1231 intactum
826 1157 991 1258 relinque
1008 1188 1017 1230 ς
1034 1157 1188 1231 maxime
1202 1170 1325 1231 autem

254 1274 390 1376 probos
412 1300 532 1349 mores
552 1274 666 1366 illius,
688 1274 820 1376 quibus
840 1274 985 1350 excellit
1005 1274 1079 1374 (4),
1099 1274 1234 1349 imitari
1249 1297 1325 1347 me·

253 1410 399 1484 mento3
423 1393 597 1495 quoniam
617 1394 848 1495 grammatica
868 1408 906 1468 et
925 1390 1106 1468 rhetorica
1120 1392 1198 1490 (5),
1221 1406 1326 1467 caete·

254 1535 367 1610 raque
389 1506 594 1583 liberalium
611 1510 744 1583 artium
761 1509 897 1601 studia,
923 1533 1014 1583 vana
1031 1525 1118 1583 sunt
1128 1561 1139 1598 ,
1166 1521 1205 1583 et
1223 1504 1326 1581 ualde

255 1626 382 1703 nociva
412 1626 523 1699 servis
547 1626 633 1715 Dei,
660 1626 729 1700 nisi
754 1652 821 1727 per
849 1627 1003 1728 gratiam
1028 1625 1189 1701 divinam
1216 1622 1326 1701 bonis

255 1742 418 1817 moribus
441 1743 583 1818 subesse
609 1758 808 1819 noscantur
824 1777 833 1817 :
850 1745 934 1844 quia
955 1744 1103 1818 scientia
1120 1742 1242 1834 inllat,
1264 1769 1326 1817 oa-

255 1860 342 1932 ritas
358 1884 445 1933 vero
465 1858 633 1934 aedificat.
654 1859 787 1934 Melius
808 1859 897 1934 mihi
915 1859 1064 1963 quidem
1080 1859 1136 1958 (6)
1158 1873 1273 1934 estut
1290 1874 1327 1935 te

255 1990 444 2047 mortuum
459 1972 582 2048 videre
597 1975 806 2074 contingat,
825 2001 934 2076 quun
955 1973 1123 2049 inflatum
1138 1988 1177 2050 et
1190 1988 1328 2049 amten·

257 2105 329 2164 tem
344 2090 453 2163 vitiis.
470 2089 556 2164 Nou
569 2091 667 2164 enim
680 2093 846 2165 Salvator
858 2119 877 2164 a
890 2118 928 2167 se
940 2092 1200 2166 miraculorum
1216 2089 1325 2181 facta,

256 2208 317 2282 sed
326 2208 641 2284 mansuetudinem
652 2224 689 2282 et
703 2207 822 2283 cordis
833 2210 1076 2284 humilitatem
1088 2209 1223 2283 discere
1238 2234 1329 2307 prae·

256 2326 364 2426 cepit.
384 2325 481 2418 Quid
498 2323 631 2426 plura?
653 2328 755 2426 Saepe
773 2325 850 2400 haec
867 2342 904 2402 et
921 2327 988 2400 alia
1002 2326 1108 2426 hujus
1120 2325 1218 2400 modi
1233 2351 1252 2397 a
1268 2350 1328 2398 me

255 2440 398 2514 audisti.
415 2441 564 2514 Utinam
576 2440 772 2543 aliquando
785 2442 972 2544 contingat
984 2444 1059 2516 istis
1072 2442 1129 2543 (7)
1141 2441 1325 2530 delectari,

255 2558 389 2661 quibus
399 2558 577 2634 munditia
587 2558 705 2635 cordis
717 2561 969 2665 corporisque,
983 2588 1049 2664 per
1059 2560 1124 2636 Dei
1138 2559 1326 2648 auxilium,

256 2677 469 2778 assequitur.
481 2679 564 2752 Misi
577 2681 629 2778 (8)
641 2679 753 2781 igitur
763 2680 831 2754 tibi
841 2680 950 2755 verba
964 2695 1001 2756 et
1014 2679 1165 2755 nomina
1174 2676 1329 2753 obscura

256 2822 299 2869 ex
332 2794 437 2868 libris
465 2797 651 2887 Vitruvii,
679 2825 763 2900 quae
797 2796 841 2871 ad
868 2824 1024 2898 praeseus
1055 2821 1247 2870 occurrere
1271 2794 1328 2893 (9)

254 2927 445 3012 poterant,
465 2929 653 2988 uteorum
672 2915 843 2989 notitiam
865 2912 1000 2988 ibidem
1023 2912 1262 3016 perquireres.
1278 2911 1330 2984 Et

256 3029 364 3104 credo
375 3029 475 3130 quod
483 3056 611 3105 eorum
624 3033 778 3105 maxima
789 3058 871 3131 pars
879 3030 948 3104 tibi
960 3029 1202 3105 demonstrari
1216 3029 1330 3130 possit

257 3149 296 3219 in
312 3146 481 3245 capsella,
504 3174 612 3250 quam
630 3149 785 3224 domnus
804 3149 849 3223 Ε.
870 3148 1049 3224 columnis
1071 3147 1260 3236 eburneis,
1283 3144 1328 3220 ad

258 3265 370 3337 instar
400 3265 638 3366 antiquorum
660 3293 833 3369 operum,
857 3256 1069 3340 'fabricavit
1098 3266 1149 3340 Et
1176 3281 1327 3366 propter

291 3486 332 3557 (ι)
349 3482 420 3540 Cod.
434 3486 468 3539 ei.

290 3577 331 3646 (α)
349 3572 420 3629 Cod.
434 3583 460 3628 et
473 3571 581 3628 doctm.

292 3661 332 3736 (ὅ)
348 3663 420 3720 Cod.
435 3673 570 3719 oratores.

291 3754 331 3825 (l)
346 3751 417 3809 eod.
428 3753 557 3808 excellet.

292 3842 331 3915 (5)
348 3842 418 3899 Cod.
432 3843 577 3899 rethorica.

292 3931 331 4002 (6)
350 3932 420 3988 Cod.
435 3933 547 4007 qualem
558 3952 583 3990 e.
599 3941 629 3988 ut
641 3932 677 3989 de
691 3952 729 3989 m.

290 4023 331 4096 (7)
348 4022 417 4078 Cod.
432 4027 492 4078 iste.

291 4113 330 4184 (8)
348 4114 417 4169 Cod.
433 4119 496 4168 nisi.
516 4147 544 4155 κ
557 4116 596 4188 (9)
614 4133 736 4169 occurre.
