3090 5302
236 499 295 559 168
518 496 568 554 ΑΙ)
590 493 783 555 EllthllDl
804 492 1006 553 Erts'touts

233 616 423 683 solationem
451 617 628 705 recipiant,
654 613 701 679 vel
724 612 764 679 de
786 613 856 693 his,
876 614 932 703 qui
955 628 1088 703 propter
1111 635 1169 678 sua
1189 612 1301 702 proxi·

234 755 402 799 morumve
435 747 585 824 peecata,
614 730 786 797 salubriter
813 729 1014 818 affliguntur,
1046 743 1181 821 propter
1212 729 1301 820 quod

232 849 320 916 illius
340 847 445 915 lelicis
464 850 536 916 ritae
558 847 769 926 dilationem,
795 848 849 912 eui
870 847 953 912 rotis
976 844 1128 911 omnibus
1156 845 1300 936 suspira-

234 990 323 1046 mus,
353 967 529 1032 rectissime
556 963 762 1053 intelligitur.
795 961 938 1028 Proinde
966 976 1109 1053 petentes
1133 962 1301 1053 quondam

233 1085 327 1148 uxori
343 1082 549 1172 refrigerium
563 1081 894 1171 sempiternumque
908 1093 1056 1161 mortem,
1068 1093 1106 1145 ut
1123 1078 1300 1155 eredimus,

234 1221 301 1263 ηοη
315 1199 469 1278 incurrit,
485 1196 540 1263 sed
552 1197 657 1274 exuit,
672 1194 763 1261 robis
776 1195 964 1286 patientiam
978 1209 1009 1260 et
1022 1196 1055 1260 in
1066 1194 1163 1261 bonis
1177 1195 1302 1263 actibus

231 1313 502 1404 perseverantiam
523 1328 618 1401 atque
643 1309 825 1401 profectum
848 1308 1004 1400 postulate
1024 1334 1043 1375 a
1064 1311 1213 1377 Domino
1233 1312 1301 1379 Deo

233 1444 398 1509 nostr0,et
407 1428 598 1495 dictaeitius
611 1425 866 1494 consolationem
876 1440 980 1491 vestro
993 1424 1145 1493 infundet
1156 1429 1299 1519 pectori,

232 1546 277 1611 ita
287 1562 322 1612 ut
331 1544 666 1636 audiatishpostolum
681 1545 904 1610 cohortantem
915 1570 923 1609 ι
935 1542 1106 1610 «Gaudete
1115 1545 1300 1611 inDomino

232 1686 368 1753 semper.
387 1663 508 1729 lterum
528 1661 621 1743 dico,
651 1661 788 1751 gaudete
807 1664 856 1747 (1)
872 1688 902 1725 η.
920 1663 991 1750 Ego
1014 1686 1091 1728 saue
1114 1662 1208 1752 quod
1231 1661 1300 1753 dig·

233 1781 300 1846 uati
325 1782 399 1846 estis
418 1795 540 1845 vestros
556 1795 649 1846 aestus
667 1803 794 1845 mecum
814 1781 1078 1860 communicare,
1101 1783 1257 1849 attentius
1270 1795 1301 1848 et

231 1920 292 1988 pro
309 1896 364 1963 illa
379 1913 412 1964 et
429 1921 488 1987 pro
512 1895 604 1961 vobis
620 1893 801 1986 supplicare.
823 1895 978 1963 conabor.
1003 1895 1133 1980 Credo,
1155 1899 1301 1988 quamvis

233 2038 299 2080 non
324 2039 396 2079 meo
418 2016 550 2093 merito,
575 2028 680 2079 restra
704 2027 811 2077 tamen
838 2012 944 2079 Deum
971 2013 1153 2081 bumilitate
1170 2015 1301 2106 placan-

233 2129 330 2212 dum,
349 2131 424 2220 qui,
442 2130 563 2219 absque
580 2144 724 2220 respectu
741 2144 852 2195 vestrm
868 2129 1120 2219 magnitudinis,
1139 2154 1217 2197 eum
1232 2154 1300 2199 mea

232 2249 388 2338 parvitate
414 2246 562 2314 conferre
591 2263 654 2313 tam
675 2247 757 2311 seria
783 2269 849 2311 non
875 2247 1058 2315 horruistis.
1080 2248 1240 2328 Ostendi,
1267 2262 1301 2315 ut

233 2366 343 2455 potui,
361 2380 392 2431 et
417 2364 560 2430 humana
577 2363 844 2440 ratiocinatione,
859 2378 890 2429 et
902 2361 1021 2432 divinis
1032 2365 1300 2445 auctoritatibus,

233 2507 298 2549 ηοη
319 2507 375 2549 vos
393 2481 560 2549 exauditos
575 2480 617 2547 ad
634 2496 745 2548 retum
771 2483 930 2570 patienter
953 2482 1148 2563 ferendum,
1163 2484 1301 2553 doloris·

232 2625 296 2691 que
316 2600 452 2681 vulnus,
466 2599 555 2691 quod
570 2599 812 2666 inremediabile
828 2600 1011 2682 ridebatur,
1024 2603 1301 2692 quemadmodum

233 2719 374 2807 mitigari
392 2734 507 2809 posset.
524 2717 644 2784 Vestrae
656 2713 837 2807 prudentia
849 2739 887 2782 ae
900 2715 1001 2784 solitae
1012 2715 1217 2807 dignationis
1226 2719 1300 2798 erit,

233 2859 305 2925 quae
318 2837 369 2926 pia
383 2836 564 2900 intentione
579 2857 645 2898 non
660 2830 819 2913 docendi,
839 2830 894 2898 sed
911 2833 1191 2901 commemorandi
1207 2856 1301 2902 etun

233 2952 365 3041 profusa
384 2967 477 3032 sunt,
499 2974 588 3040 aeque
612 2951 664 3039 pia
688 2963 795 3013 mente
822 2947 983 3028 lectitare,
1005 2964 1038 3016 et
1054 2949 1081 3015 si
1102 2972 1168 3041 qua
1195 2952 1228 3017 in
1252 2950 1301 3017 his

235 3070 305 3157 capi
322 3070 421 3158 possit
436 3067 575 3145 utilitas,
593 3089 652 3156 pro
663 3065 737 3152 jure
755 3066 904 3133 amicitiae
918 3081 1054 3133 vestram
1068 3065 1237 3158 deputate.

279 3183 440 3249 Libellum
456 3183 510 3247 De
525 3184 699 3247 odoranda
721 3206 816 3247 cruce
834 3185 901 3269 (a),
925 3205 999 3248 meo
1015 3181 1144 3272 judicio
1165 3183 1300 3251 utilissi-

235 3320 345 3377 mum,
363 3322 458 3388 quem
478 3321 550 3363 meo
566 3297 691 3363 nomini
710 3296 899 3378 dedicastis,
915 3314 949 3364 ut
962 3322 1021 3389 par
1035 3298 1118 3380 luit,
1137 3300 1301 3393 amplexus

234 3438 317 3479 sum.
336 3415 442 3503 Atque
455 3415 578 3479 utinam
596 3437 719 3479 morem
735 3412 816 3479 mibi
834 3429 998 3502 gerentes,
1023 3416 1071 3481 sie
1085 3417 1198 3483 omnia
1210 3440 1299 3509 qun·

235 3555 364 3621 cunque
381 3530 421 3595 ab
450 3531 541 3595 initio
560 3529 730 3596 enodanda
750 3529 841 3595 robis
859 3530 952 3610 misi,
970 3529 1020 3598 rel
1037 3530 1100 3598 hoc
1127 3556 1217 3601 anno
1232 3531 1301 3601 reli-

234 3650 309 3738 qui,
330 3649 453 3737 aperirr
481 3672 545 3711 non
571 3649 798 3735 gravaremini.
819 3647 970 3715 Profecto
995 3672 1061 3714 non
1078 3648 1160 3715 mibi
1178 3647 1297 3729 solum,

235 3765 289 3830 sed
316 3765 425 3832 multis
443 3763 570 3832 videtur
594 3765 647 3830 bie
667 3764 759 3830 lalmr
776 3764 938 3855 prodesse.
956 3767 1081 3831 Tamen
1105 3779 1138 3832 et
1158 3790 1219 3858 pro
1240 3767 1298 3832 boe

235 3883 323 3972 quod
348 3908 435 3949 nunc
455 3882 536 3948 milri
556 3906 614 3947 nee
634 3884 780 3972 opinanti
800 3883 948 3955 misistis,
967 3896 998 3947 et
1013 3903 1074 3973 pro
1089 3879 1163 3948 aliis
1182 3880 1298 3974 quibua

270 4142 277 4203 ξ
284 4142 307 4205 1)
324 4140 367 4192 Cl.
383 4138 459 4192 Paul.
476 4138 510 4192 ad
523 4137 644 4210 Philipp.
660 4155 697 4203 rr,
715 4142 739 4203 ά.

268 4235 307 4301 (a)
325 4235 377 4288 Cet
392 4253 511 4305 ouvrage
529 4222 699 4306 ‹l'Eginhard
719 4254 753 4289 ne
769 4252 837 4290 nous
855 4245 896 4289 est
913 4233 992 4309 point
1010 4250 1141 4306 parveuu.
1156 4228 1294 4307 vesuta

235 4331 454 4405 Prolegnmenes.
