3166 5280
249 424 309 483 300
471 420 653 481 HISTORIA
674 419 988 493 Tutusmtlonts,
1010 442 1074 483 arc.

248 542 304 616 vel
315 559 551 616 monumento
562 543 617 639 (a)
631 567 765 640 ponere
777 557 1004 615 curaverunt.
1017 542 1101 635 Quo
1113 565 1197 611 cum
1207 564 1306 638 prae·

249 659 334 731 dicti
352 660 473 757 pueri,
500 658 653 732 errando
675 660 795 757 potius
815 686 924 758 quam
944 660 1014 733 iter
1036 657 1195 757 agendo,
1220 682 1306 755 per-

250 774 448 861 venissent,
474 773 634 845 inierunt
655 773 845 846 consilium
874 789 914 844 ut
934 770 982 843 ibi
1005 773 1120 847 socios
1143 796 1229 844 suos
1244 770 1306 869 qui

251 886 491 987 sequebantur
514 889 670 986 opperiri
700 887 890 973 deberent3
916 914 1064 988 eosque,
1092 914 1139 961 ne
1162 884 1308 959 aberra·

249 1020 353 1097 rent,
372 1006 493 1080 sonitu
507 1003 668 1078 buccinae
688 1004 731 1076 ad
752 1031 787 1077 se
811 1020 1069 1105 congregarent
1076 1032 1087 1091 ς
1107 1000 1307 1087 acdeinde,

251 1147 333 1193 cum
345 1120 451 1193 simul
465 1136 594 1208 essent,
608 1118 729 1193 beatos
742 1121 919 1220 Martyres
933 1120 976 1192 ad
988 1146 1095 1220 opem
1109 1117 1176 1190 sibi
1189 1116 1311 1191 fersn-

250 1236 331 1308 dam
353 1238 581 1326 invocarent,
604 1235 819 1336 sublatisque
838 1238 873 1307 in
895 1236 1009 1307 altum
1027 1232 1177 1309 vocibus
1197 1232 1310 1333 Kyrie

249 1351 381 1425 eleison
402 1367 457 1425 ter
473 1350 715 1426 decantarent.

298 1730 359 1800 57.
387 1726 469 1819 Quo
493 1726 612 1813 facto,
640 1741 759 1797 tantus
784 1751 890 1823 super
912 1748 971 1797 eos
997 1722 1146 1796 totidem
1170 1718 1312 1793 vicibus

251 1844 393 1915 coelitus
411 1844 525 1916 emissi
543 1843 688 1916 luminis
704 1841 826 1942 fulgor
839 1841 1003 1927 emicuit,
1022 1854 1063 1910 ut
1078 1838 1223 1911 diuruae
1240 1836 1311 1909 cla·

249 1959 366 2030 ritatis
385 1958 576 2033 candorem
594 1958 808 2057 adaequaret.
829 1958 919 2051 Quae
942 1955 1142 2029 coruscatio
1167 1968 1312 2025 tantum

249 2076 300 2147 cis
318 2076 497 2149 commodi
518 2074 561 2146 ad
584 2076 651 2148 iter
667 2102 772 2151 suum
785 2073 960 2174 agendum
977 2072 1119 2159 attulit,
1135 2088 1196 2159 ut,
1217 2096 1313 2145 cou-

250 2207 389 2289 sumpta
406 2190 535 2263 nebula
554 2189 781 2291 tenebrisque
798 2192 979 2280 discussis,
1000 2191 1055 2261 ria
1076 2214 1223 2291 quoque
1238 2214 1311 2287 qua

251 2309 304 2380 ire
318 2305 496 2382 debebant
508 2308 600 2381 clare
613 2325 822 2408 conspecta,
841 2310 910 2382 iter
922 2334 1047 2394 suum,
1067 2306 1231 2408 quamvis
1245 2331 1311 2401 per

251 2424 354 2497 silvas
367 2440 403 2498 et
414 2451 543 2525 opacos
555 2426 764 2501 nemoribus
777 2443 935 2514 montes,
950 2425 1083 2527 absque
1094 2426 1229 2499 erroris
1242 2426 1310 2497 im-

249 2541 478 2639 pedimento,
504 2569 616 2644 usque
637 2543 680 2615 ad
701 2559 823 2616 ortum
846 2569 987 2616 aurorae
1012 2558 1238 2641 peragerent.
1268 2542 1309 2613 in

249 2659 363 2756 prima
378 2657 549 2759 siquidem
562 2660 808 2732 coruscatione
822 2674 942 2732 tantus
954 2658 1052 2732 calor
1065 2684 1136 2730 una
1148 2682 1233 2730 cum
1246 2654 1309 2729 itto

250 2772 387 2847 lumine
403 2775 520 2861 venit,
538 2790 579 2847 ut
592 2801 673 2847 eum
690 2800 725 2849 se
742 2774 840 2846 velut
855 2799 1011 2848 accensae
1027 2773 1184 2846 fornacis
1198 2794 1308 2873 vapn-

250 2916 328 2962 rcm
344 2892 478 2964 sentire
502 2890 714 2964 faterentur.
737 2892 843 2988 Cujus
868 2891 986 2963 afflatu
1003 2916 1081 2964 non
1098 2888 1217 2963 solum
1239 2915 1307 2963 ue-

251 3004 354 3095 bula,
374 3034 499 3080 verum
520 3008 626 3080 etiam
649 3007 729 3099 illa,
750 3033 832 3107 quae
856 3024 936 3079 tum
954 3022 992 3080 et
1008 3022 1149 3081 montes
1171 3022 1307 3081 totam-

250 3148 321 3221 que
347 3122 471 3195 silvam
489 3140 700 3223 operuerat,
718 3125 846 3223 pruina
873 3125 919 3197 ita
943 3138 1156 3223 consumpta
1173 3136 1227 3197 est
1246 3138 1305 3211 ut,

252 3240 356 3312 tertia
389 3241 654 3313 corruscatione
684 3257 847 3339 peracta,
883 3239 1023 3313 nullum
1053 3240 1147 3312 illius
1179 3240 1308 3339 algoris

252 3355 439 3454 vestigium
468 3355 612 3453 penitus
639 3371 837 3455 appareret.
865 3358 951 3429 Haec
980 3354 1085 3429 nobis
1112 3356 1154 3427 ad
1183 3380 1308 3455 vespe-

251 3500 327 3545 ram
341 3471 495 3569 cjusdem
509 3473 599 3557 diei,
619 3489 808 3573 postquam
825 3473 868 3545 ad
883 3474 1105 3547 mansionem
1124 3472 1304 3557 venimus,

251 3589 288 3663 hi
316 3590 377 3691 qui
409 3589 576 3663 viderunt
607 3605 714 3689 atque
746 3592 882 3689 experti
915 3606 1023 3677 sunt,
1054 3604 1304 3662 narraverunt.

250 3706 415 3799 Quorum
436 3703 553 3779 verbis
575 3705 679 3779 fidem
704 3704 930 3793 adhibentes,
955 3705 1020 3779 Dei
1046 3704 1306 3803 omnipotentis

251 3823 531 3897 misericordiam
557 3849 639 3894 cum
669 3824 865 3922 gratiarum
893 3824 1033 3895 actione
1062 3821 1304 3907 laudavimus,

252 3966 294 4012 eo
311 3942 407 4041 quod
428 3968 493 4015 nos
510 3967 576 4040 per
594 3941 721 4014 merita
738 3943 952 4014 Sanctorum
966 3965 1114 4013 suorum
1133 3940 1170 4011 in
1187 3938 1307 4013 omni·

285 4188 324 4255 (a)
344 4188 416 4241 Edit.
432 4192 605 4243 monimento.
