<?xml version="1.0" encoding="UTF-8"?>
<!DOCTYPE html PUBLIC "-//W3C//DTD XHTML 1.0 Transitional//EN"
    "http://www.w3.org/TR/xhtml1/DTD/xhtml1-transitional.dtd">
<html xmlns="http://www.w3.org/1999/xhtml" xml:lang="en" lang="en">
 <head>
  <title>
</title>
<meta http-equiv="Content-Type" content="text/html;charset=utf-8" />
  <meta name='ocr-system' content='tesseract 3.04.00' />
  <meta name='ocr-capabilities' content='ocr_page ocr_carea ocr_par ocr_line ocrx_word'/>
</head>
<body>
  <div class='ocr_page' id='page_1' title='image "./einhardiomniaqu00einhgoog_0301.png"; bbox 0 0 3090 5302; ppageno 0'>
   <div class='ocr_carea' id='block_1_1' title="bbox 232 408 1303 4022">
    <p class='ocr_par' dir='ltr' id='par_1_1' title="bbox 232 408 1302 2735">
     <span class='ocr_line' id='line_1_1' title="bbox 236 408 1068 482; baseline -0.005 -9"><span class='ocrx_word' id='word_1_1' title='bbox 236 412 297 475; x_wconf 74' lang='grc'><strong>284</strong></span> <span class='ocrx_word' id='word_1_2' title='bbox 458 408 642 471; x_wconf 77' lang='lat' dir='ltr'>HISTORIA</span> <span class='ocrx_word' id='word_1_3' title='bbox 663 408 983 482; x_wconf 72' lang='lat' dir='ltr'><strong>TltsttstlTlottIS,</strong></span> <span class='ocrx_word' id='word_1_4' title='bbox 1005 428 1068 473; x_wconf 67' lang='lat' dir='ltr'><strong>irc.</strong></span> 
     </span>
     <span class='ocr_line' id='line_1_2' title="bbox 235 524 1299 628; baseline 0 -27"><span class='ocrx_word' id='word_1_5' title='bbox 235 543 334 618; x_wconf 88' lang='lat' dir='ltr'><strong>sunt,</strong></span> <span class='ocrx_word' id='word_1_6' title='bbox 351 527 394 601; x_wconf 88' lang='lat' dir='ltr'><strong>ad</strong></span> <span class='ocrx_word' id='word_1_7' title='bbox 412 528 735 628; x_wconf 78' lang='lat' dir='ltr'><strong>interrogationem</strong></span> <span class='ocrx_word' id='word_1_8' title='bbox 749 524 953 627; x_wconf 88' lang='lat' dir='ltr'><strong>presbyteri</strong></span> <span class='ocrx_word' id='word_1_9' title='bbox 967 528 1051 627; x_wconf 92' lang='lat' dir='ltr'><strong>,qui</strong></span> <span class='ocrx_word' id='word_1_10' title='bbox 1061 527 1299 601; x_wconf 79' lang='lat' dir='ltr'>exorcismum</span> 
     </span>
     <span class='ocr_line' id='line_1_3' title="bbox 237 640 1300 744; baseline 0.003 -28"><span class='ocrx_word' id='word_1_11' title='bbox 237 671 345 743; x_wconf 92' lang='lat' dir='ltr'><strong>super</strong></span> <span class='ocrx_word' id='word_1_12' title='bbox 363 669 648 743; x_wconf 77' lang='lat' dir='ltr'><strong>energumenum</strong></span> <span class='ocrx_word' id='word_1_13' title='bbox 662 643 795 744; x_wconf 84' lang='lat' dir='ltr'><strong>legerat</strong></span> <span class='ocrx_word' id='word_1_14' title='bbox 819 674 828 715; x_wconf 73' lang='grc' dir='ltr'><strong><em>ε</em></strong></span> <span class='ocrx_word' id='word_1_15' title='bbox 848 640 947 743; x_wconf 90' lang='lat' dir='ltr'><strong>quod</strong></span> <span class='ocrx_word' id='word_1_16' title='bbox 964 641 1034 718; x_wconf 90' lang='lat' dir='ltr'><strong>hoc</strong></span> <span class='ocrx_word' id='word_1_17' title='bbox 1050 641 1164 718; x_wconf 89' lang='lat' dir='ltr'><strong>modo</strong></span> <span class='ocrx_word' id='word_1_18' title='bbox 1180 648 1300 719; x_wconf 89' lang='lat' dir='ltr'><strong>conti-</strong></span> 
     </span>
     <span class='ocr_line' id='line_1_4' title="bbox 235 760 1297 865; baseline 0.004 -32"><span class='ocrx_word' id='word_1_19' title='bbox 235 765 326 860; x_wconf 82' lang='lat' dir='ltr'><strong>gisse</strong></span> <span class='ocrx_word' id='word_1_20' title='bbox 354 776 536 836; x_wconf 86' lang='lat' dir='ltr'><strong>narratur.</strong></span> <span class='ocrx_word' id='word_1_21' title='bbox 553 760 734 835; x_wconf 73' lang='lat' dir='ltr'><strong>Praedium</strong></span> <span class='ocrx_word' id='word_1_22' title='bbox 751 779 805 835; x_wconf 89' lang='lat' dir='ltr'><strong>est</strong></span> <span class='ocrx_word' id='word_1_23' title='bbox 821 764 858 835; x_wconf 92' lang='lat' dir='ltr'><strong>in</strong></span> <span class='ocrx_word' id='word_1_24' title='bbox 885 787 976 863; x_wconf 77' lang='lat' dir='ltr'><strong>pago</strong></span> <span class='ocrx_word' id='word_1_25' title='bbox 993 761 1210 865; x_wconf 78' lang='lat' dir='ltr'><strong>Nitbagowe</strong></span> <span class='ocrx_word' id='word_1_26' title='bbox 1227 766 1297 861; x_wconf 81' lang='lat' dir='ltr'><strong>(a),</strong></span> 
     </span>
     <span class='ocr_line' id='line_1_5' title="bbox 237 878 1296 981; baseline 0.002 -29"><span class='ocrx_word' id='word_1_27' title='bbox 237 878 415 955; x_wconf 86' lang='lat' dir='ltr'><strong>vocabulo</strong></span> <span class='ocrx_word' id='word_1_28' title='bbox 448 882 639 981; x_wconf 85' lang='lat' dir='ltr'><strong>llccgstat,</strong></span> <span class='ocrx_word' id='word_1_29' title='bbox 672 881 858 980; x_wconf 83' lang='lat' dir='ltr'><strong>pertinens</strong></span> <span class='ocrx_word' id='word_1_30' title='bbox 892 880 935 953; x_wconf 88' lang='lat' dir='ltr'><strong>ad</strong></span> <span class='ocrx_word' id='word_1_31' title='bbox 971 882 1233 957; x_wconf 88' lang='lat' dir='ltr'><strong>monasterium</strong></span> <span class='ocrx_word' id='word_1_32' title='bbox 1262 882 1296 954; x_wconf 82' lang='lat'><strong>8.</strong></span> 
     </span>
     <span class='ocr_line' id='line_1_6' title="bbox 234 994 1300 1097; baseline 0.002 -28"><span class='ocrx_word' id='word_1_33' title='bbox 234 996 374 1069; x_wconf 87' lang='lat' dir='ltr'><strong>Nazarii</strong></span> <span class='ocrx_word' id='word_1_34' title='bbox 387 1050 399 1085; x_wconf 92' lang='lat'><strong>,</strong></span> <span class='ocrx_word' id='word_1_35' title='bbox 426 995 471 1068; x_wconf 89' lang='lat' dir='ltr'><strong>de</strong></span> <span class='ocrx_word' id='word_1_36' title='bbox 496 1021 571 1095; x_wconf 90' lang='lat' dir='ltr'><strong>quo</strong></span> <span class='ocrx_word' id='word_1_37' title='bbox 596 996 715 1094; x_wconf 83' lang='lat' dir='ltr'><strong>puella</strong></span> <span class='ocrx_word' id='word_1_38' title='bbox 738 994 901 1097; x_wconf 83' lang='lat' dir='ltr'><strong>quaedam</strong></span> <span class='ocrx_word' id='word_1_39' title='bbox 914 1050 926 1085; x_wconf 92' lang='lat'><strong>,</strong></span> <span class='ocrx_word' id='word_1_40' title='bbox 954 1022 1137 1072; x_wconf 89' lang='lat' dir='ltr'><strong>annorum</strong></span> <span class='ocrx_word' id='word_1_41' title='bbox 1161 998 1300 1071; x_wconf 76' lang='lat' dir='ltr'><strong>circiter</strong></span> 
     </span>
     <span class='ocr_line' id='line_1_7' title="bbox 234 1110 1301 1212; baseline -0.004 -25"><span class='ocrx_word' id='word_1_42' title='bbox 234 1112 414 1205; x_wconf 85' lang='lat' dir='ltr'><strong>sedecim,</strong></span> <span class='ocrx_word' id='word_1_43' title='bbox 435 1110 482 1185; x_wconf 91' lang='lat' dir='ltr'><strong>ab</strong></span> <span class='ocrx_word' id='word_1_44' title='bbox 498 1112 624 1186; x_wconf 90' lang='lat' dir='ltr'><strong>eodem</strong></span> <span class='ocrx_word' id='word_1_45' title='bbox 639 1112 794 1186; x_wconf 89' lang='lat' dir='ltr'><strong>erratico</strong></span> <span class='ocrx_word' id='word_1_46' title='bbox 809 1112 939 1211; x_wconf 85' lang='lat' dir='ltr'><strong>spiritu</strong></span> <span class='ocrx_word' id='word_1_47' title='bbox 957 1137 1134 1212; x_wconf 84' lang='lat' dir='ltr'><strong>possessa,</strong></span> <span class='ocrx_word' id='word_1_48' title='bbox 1152 1112 1198 1185; x_wconf 89' lang='lat' dir='ltr'><strong>ad</strong></span> <span class='ocrx_word' id='word_1_49' title='bbox 1210 1110 1301 1185; x_wconf 86' lang='lat' dir='ltr'><strong>basi·</strong></span> 
     </span>
     <span class='ocr_line' id='line_1_8' title="bbox 233 1229 1300 1331; baseline 0.002 -30"><span class='ocrx_word' id='word_1_50' title='bbox 233 1229 340 1303; x_wconf 90' lang='lat' dir='ltr'><strong>licam</strong></span> <span class='ocrx_word' id='word_1_51' title='bbox 362 1231 567 1331; x_wconf 79' lang='lat' dir='ltr'><strong>Martyrum</strong></span> <span class='ocrx_word' id='word_1_52' title='bbox 590 1229 838 1330; x_wconf 76' lang='lat' dir='ltr'><strong>aparentibus</strong></span> <span class='ocrx_word' id='word_1_53' title='bbox 859 1230 931 1303; x_wconf 89' lang='lat' dir='ltr'><strong>suis</strong></span> <span class='ocrx_word' id='word_1_54' title='bbox 954 1229 1104 1303; x_wconf 85' lang='lat' dir='ltr'><strong>adducta</strong></span> <span class='ocrx_word' id='word_1_55' title='bbox 1123 1245 1191 1305; x_wconf 87' lang='lat' dir='ltr'><strong>est.</strong></span> <span class='ocrx_word' id='word_1_56' title='bbox 1215 1230 1300 1325; x_wconf 73' lang='lat' dir='ltr'><strong>Quae</strong></span> 
     </span>
     <span class='ocr_line' id='line_1_9' title="bbox 234 1343 1301 1446; baseline 0.003 -29"><span class='ocrx_word' id='word_1_57' title='bbox 234 1371 318 1418; x_wconf 86' lang='lat' dir='ltr'><strong>cum</strong></span> <span class='ocrx_word' id='word_1_58' title='bbox 335 1361 419 1420; x_wconf 89' lang='lat' dir='ltr'><strong>ante</strong></span> <span class='ocrx_word' id='word_1_59' title='bbox 440 1343 604 1419; x_wconf 84' lang='lat' dir='ltr'><strong>tumbam</strong></span> <span class='ocrx_word' id='word_1_60' title='bbox 621 1372 717 1418; x_wconf 84' lang='lat' dir='ltr'><strong>sacru</strong></span> <span class='ocrx_word' id='word_1_61' title='bbox 737 1371 890 1446; x_wconf 91' lang='lat' dir='ltr'><strong>corpora</strong></span> <span class='ocrx_word' id='word_1_62' title='bbox 915 1346 1166 1419; x_wconf 88' lang='lat' dir='ltr'><strong>continentem</strong></span> <span class='ocrx_word' id='word_1_63' title='bbox 1185 1346 1301 1419; x_wconf 79' lang='lat' dir='ltr'><strong>renis·</strong></span> 
     </span>
     <span class='ocr_line' id='line_1_10' title="bbox 233 1461 1300 1564; baseline 0.001 -27"><span class='ocrx_word' id='word_1_64' title='bbox 233 1479 287 1537; x_wconf 85' lang='lat' dir='ltr'><strong>set</strong></span> <span class='ocrx_word' id='word_1_65' title='bbox 295 1515 308 1551; x_wconf 91' lang='lat'><strong>,</strong></span> <span class='ocrx_word' id='word_1_66' title='bbox 326 1479 362 1537; x_wconf 91' lang='lat' dir='ltr'><strong>et</strong></span> <span class='ocrx_word' id='word_1_67' title='bbox 376 1461 563 1562; x_wconf 76' lang='lat' dir='ltr'><strong>presbyter</strong></span> <span class='ocrx_word' id='word_1_68' title='bbox 574 1491 683 1563; x_wconf 89' lang='lat' dir='ltr'><strong>super</strong></span> <span class='ocrx_word' id='word_1_69' title='bbox 694 1480 800 1563; x_wconf 87' lang='lat' dir='ltr'><strong>caput</strong></span> <span class='ocrx_word' id='word_1_70' title='bbox 812 1467 888 1564; x_wconf 85' lang='lat' dir='ltr'><strong>ejus</strong></span> <span class='ocrx_word' id='word_1_71' title='bbox 901 1465 1164 1551; x_wconf 81' lang='lat' dir='ltr'><strong>exorcismum,</strong></span> <span class='ocrx_word' id='word_1_72' title='bbox 1180 1489 1300 1538; x_wconf 88' lang='lat' dir='ltr'><strong>secun·</strong></span> 
     </span>
     <span class='ocr_line' id='line_1_11' title="bbox 233 1579 1300 1681; baseline 0.003 -29"><span class='ocrx_word' id='word_1_73' title='bbox 233 1579 322 1652; x_wconf 90' lang='lat' dir='ltr'><strong>dum</strong></span> <span class='ocrx_word' id='word_1_74' title='bbox 344 1580 664 1669; x_wconf 84' lang='lat' dir='ltr'><strong>consuetudinem,</strong></span> <span class='ocrx_word' id='word_1_75' title='bbox 690 1581 917 1681; x_wconf 71' lang='lat' dir='ltr'><strong>perlegisset,</strong></span> <span class='ocrx_word' id='word_1_76' title='bbox 943 1608 984 1654; x_wconf 91' lang='lat' dir='ltr'><strong>ac</strong></span> <span class='ocrx_word' id='word_1_77' title='bbox 1005 1581 1137 1656; x_wconf 89' lang='lat' dir='ltr'><strong>deinde</strong></span> <span class='ocrx_word' id='word_1_78' title='bbox 1161 1580 1300 1655; x_wconf 78' lang='lat' dir='ltr'><strong>daemo·</strong></span> 
     </span>
     <span class='ocr_line' id='line_1_12' title="bbox 233 1697 1298 1801; baseline 0.003 -32"><span class='ocrx_word' id='word_1_79' title='bbox 233 1723 338 1787; x_wconf 87' lang='lat' dir='ltr'><strong>nem,</strong></span> <span class='ocrx_word' id='word_1_80' title='bbox 366 1697 522 1797; x_wconf 88' lang='lat' dir='ltr'><strong>qualiter</strong></span> <span class='ocrx_word' id='word_1_81' title='bbox 550 1715 586 1770; x_wconf 91' lang='lat' dir='ltr'><strong>et</strong></span> <span class='ocrx_word' id='word_1_82' title='bbox 611 1700 758 1800; x_wconf 89' lang='lat' dir='ltr'><strong>quando</strong></span> <span class='ocrx_word' id='word_1_83' title='bbox 782 1700 923 1772; x_wconf 88' lang='lat' dir='ltr'><strong>ineam</strong></span> <span class='ocrx_word' id='word_1_84' title='bbox 947 1699 1072 1773; x_wconf 83' lang='lat' dir='ltr'><strong>fuisset</strong></span> <span class='ocrx_word' id='word_1_85' title='bbox 1103 1700 1298 1801; x_wconf 80' lang='lat' dir='ltr'><strong>ingressus,</strong></span> 
     </span>
     <span class='ocr_line' id='line_1_13' title="bbox 233 1813 1301 1918; baseline 0.004 -33"><span class='ocrx_word' id='word_1_86' title='bbox 233 1815 440 1913; x_wconf 80' lang='lat' dir='ltr'><strong>percontari</strong></span> <span class='ocrx_word' id='word_1_87' title='bbox 464 1816 653 1915; x_wconf 89' lang='lat' dir='ltr'><strong>coepisset,</strong></span> <span class='ocrx_word' id='word_1_88' title='bbox 674 1840 759 1899; x_wconf 40' lang='lat' dir='ltr'><strong>non,</strong></span> <span class='ocrx_word' id='word_1_89' title='bbox 777 1813 926 1888; x_wconf 89' lang='lat' dir='ltr'><strong>barbara</strong></span> <span class='ocrx_word' id='word_1_90' title='bbox 945 1816 1089 1917; x_wconf 85' lang='lat' dir='ltr'><strong>lingua,</strong></span> <span class='ocrx_word' id='word_1_91' title='bbox 1112 1842 1223 1918; x_wconf 86' lang='lat' dir='ltr'><strong>quam</strong></span> <span class='ocrx_word' id='word_1_92' title='bbox 1240 1840 1301 1889; x_wconf 88' lang='lat' dir='ltr'><strong>so·</strong></span> 
     </span>
     <span class='ocr_line' id='line_1_14' title="bbox 233 1930 1301 2034; baseline 0.005 -32"><span class='ocrx_word' id='word_1_93' title='bbox 233 1930 306 2003; x_wconf 89' lang='lat' dir='ltr'><strong>lam</strong></span> <span class='ocrx_word' id='word_1_94' title='bbox 318 1931 435 2031; x_wconf 88' lang='lat' dir='ltr'><strong>puella</strong></span> <span class='ocrx_word' id='word_1_95' title='bbox 454 1948 626 2019; x_wconf 82' lang='lat' dir='ltr'><strong>noverat,</strong></span> <span class='ocrx_word' id='word_1_96' title='bbox 644 1935 705 2005; x_wconf 85' lang='lat' dir='ltr'><strong>sed</strong></span> <span class='ocrx_word' id='word_1_97' title='bbox 723 1958 870 2005; x_wconf 81' lang='lat' dir='ltr'><strong>romana</strong></span> <span class='ocrx_word' id='word_1_98' title='bbox 888 1931 1073 2007; x_wconf 85' lang='lat' dir='ltr'><strong>locutione</strong></span> <span class='ocrx_word' id='word_1_99' title='bbox 1089 1931 1301 2034; x_wconf 74' lang='lat' dir='ltr'><strong>presbytero</strong></span> 
     </span>
     <span class='ocr_line' id='line_1_15' title="bbox 232 2047 1301 2153; baseline 0.006 -35"><span class='ocrx_word' id='word_1_100' title='bbox 232 2047 434 2146; x_wconf 87' lang='lat' dir='ltr'><strong>respondit.</strong></span> <span class='ocrx_word' id='word_1_101' title='bbox 453 2048 616 2148; x_wconf 87' lang='lat' dir='ltr'><strong>Cumque</strong></span> <span class='ocrx_word' id='word_1_102' title='bbox 638 2047 826 2153; x_wconf 86' lang='lat' dir='ltr'><strong>presbyter</strong></span> <span class='ocrx_word' id='word_1_103' title='bbox 843 2050 1038 2124; x_wconf 79' lang='lat' dir='ltr'><strong>miraretur</strong></span> <span class='ocrx_word' id='word_1_104' title='bbox 1059 2066 1168 2153; x_wconf 88' lang='lat' dir='ltr'><strong>atque</strong></span> <span class='ocrx_word' id='word_1_105' title='bbox 1189 2052 1301 2125; x_wconf 87' lang='lat' dir='ltr'><strong>inter·</strong></span> 
     </span>
     <span class='ocr_line' id='line_1_16' title="bbox 232 2164 1302 2269; baseline 0.007 -33"><span class='ocrx_word' id='word_1_106' title='bbox 232 2180 396 2265; x_wconf 81' lang='lat' dir='ltr'><strong>rogaret,</strong></span> <span class='ocrx_word' id='word_1_107' title='bbox 412 2164 507 2238; x_wconf 91' lang='lat' dir='ltr'><strong>unde</strong></span> <span class='ocrx_word' id='word_1_108' title='bbox 522 2165 573 2237; x_wconf 92' lang='lat' dir='ltr'><strong>illi</strong></span> <span class='ocrx_word' id='word_1_109' title='bbox 589 2165 712 2238; x_wconf 84' lang='lat' dir='ltr'><strong>latinae</strong></span> <span class='ocrx_word' id='word_1_110' title='bbox 725 2167 859 2266; x_wconf 84' lang='lat' dir='ltr'><strong>linguae</strong></span> <span class='ocrx_word' id='word_1_111' title='bbox 872 2168 1024 2256; x_wconf 88' lang='lat' dir='ltr'><strong>notitia,</strong></span> <span class='ocrx_word' id='word_1_112' title='bbox 1040 2194 1123 2242; x_wconf 90' lang='lat' dir='ltr'><strong>cum</strong></span> <span class='ocrx_word' id='word_1_113' title='bbox 1139 2184 1302 2269; x_wconf 83' lang='lat' dir='ltr'><strong>parentes</strong></span> 
     </span>
     <span class='ocr_line' id='line_1_17' title="bbox 234 2282 1302 2385; baseline 0.004 -29"><span class='ocrx_word' id='word_1_114' title='bbox 234 2286 328 2381; x_wconf 85' lang='lat' dir='ltr'><strong>ejus,</strong></span> <span class='ocrx_word' id='word_1_115' title='bbox 343 2282 405 2383; x_wconf 89' lang='lat' dir='ltr'><strong>qui</strong></span> <span class='ocrx_word' id='word_1_116' title='bbox 424 2282 472 2354; x_wconf 92' lang='lat' dir='ltr'><strong>ibi</strong></span> <span class='ocrx_word' id='word_1_117' title='bbox 491 2299 685 2382; x_wconf 83' lang='lat' dir='ltr'><strong>praescntes</strong></span> <span class='ocrx_word' id='word_1_118' title='bbox 702 2284 884 2373; x_wconf 84' lang='lat' dir='ltr'><strong>astabant,</strong></span> <span class='ocrx_word' id='word_1_119' title='bbox 904 2283 1152 2385; x_wconf 87' lang='lat' dir='ltr'><strong>hujuscemodi</strong></span> <span class='ocrx_word' id='word_1_120' title='bbox 1169 2311 1302 2361; x_wconf 82' lang='lat' dir='ltr'><strong>sermo·</strong></span> 
     </span>
     <span class='ocr_line' id='line_1_18' title="bbox 233 2398 1302 2505; baseline 0.006 -34"><span class='ocrx_word' id='word_1_121' title='bbox 233 2423 316 2472; x_wconf 87' lang='lat' dir='ltr'><strong>nem</strong></span> <span class='ocrx_word' id='word_1_122' title='bbox 334 2399 478 2497; x_wconf 87' lang='lat' dir='ltr'><strong>penitus</strong></span> <span class='ocrx_word' id='word_1_123' title='bbox 496 2398 731 2499; x_wconf 73' lang='lat' dir='ltr'><strong>ignorarent?</strong></span> <span class='ocrx_word' id='word_1_124' title='bbox 744 2443 793 2458; x_wconf 92' lang='lat'>-</span> <span class='ocrx_word' id='word_1_125' title='bbox 807 2404 1025 2493; x_wconf 84' lang='lat' dir='ltr'><strong>«Parentes,</strong></span> <span class='ocrx_word' id='word_1_126' title='bbox 1050 2404 1192 2505; x_wconf 90' lang='lat' dir='ltr'><strong>inquit,</strong></span> <span class='ocrx_word' id='word_1_127' title='bbox 1208 2430 1302 2477; x_wconf 86' lang='lat' dir='ltr'><strong>meos</strong></span> 
     </span>
     <span class='ocr_line' id='line_1_19' title="bbox 232 2514 1299 2621; baseline 0.007 -34"><span class='ocrx_word' id='word_1_128' title='bbox 232 2542 420 2616; x_wconf 87' lang='lat' dir='ltr'><strong>nunquam</strong></span> <span class='ocrx_word' id='word_1_129' title='bbox 449 2514 582 2589; x_wconf 83' lang='lat' dir='ltr'><strong>vidisti.</strong></span> <span class='ocrx_word' id='word_1_130' title='bbox 601 2547 619 2585; x_wconf 80' lang='lat' dir='ltr'><strong>n</strong></span> <span class='ocrx_word' id='word_1_131' title='bbox 635 2519 793 2589; x_wconf 90' lang='lat' dir='ltr'><strong>-Tum</strong></span> <span class='ocrx_word' id='word_1_132' title='bbox 817 2515 1041 2619; x_wconf 87' lang='lat' dir='ltr'><strong>presbyter:</strong></span> <span class='ocrx_word' id='word_1_133' title='bbox 1071 2548 1090 2589; x_wconf 83' lang='lat' dir='ltr'><strong>r</strong></span> <span class='ocrx_word' id='word_1_134' title='bbox 1111 2520 1171 2592; x_wconf 85' lang='lat' dir='ltr'><strong>Tu</strong></span> <span class='ocrx_word' id='word_1_135' title='bbox 1197 2545 1299 2621; x_wconf 79' lang='lat' dir='ltr'><strong>ergo,</strong></span> 
     </span>
     <span class='ocr_line' id='line_1_20' title="bbox 232 2630 1215 2735; baseline 0 -31"><span class='ocrx_word' id='word_1_136' title='bbox 232 2632 373 2733; x_wconf 92' lang='lat' dir='ltr'><strong>inquit,</strong></span> <span class='ocrx_word' id='word_1_137' title='bbox 397 2632 494 2707; x_wconf 87' lang='lat' dir='ltr'><strong>unde</strong></span> <span class='ocrx_word' id='word_1_138' title='bbox 512 2660 568 2721; x_wconf 90' lang='lat' dir='ltr'><strong>cs,</strong></span> <span class='ocrx_word' id='word_1_139' title='bbox 588 2634 616 2706; x_wconf 94' lang='lat' dir='ltr'><strong>si</strong></span> <span class='ocrx_word' id='word_1_140' title='bbox 636 2633 693 2705; x_wconf 90' lang='lat' dir='ltr'><strong>isti</strong></span> <span class='ocrx_word' id='word_1_141' title='bbox 712 2661 789 2709; x_wconf 92' lang='lat' dir='ltr'><strong>non</strong></span> <span class='ocrx_word' id='word_1_142' title='bbox 808 2650 894 2707; x_wconf 90' lang='lat' dir='ltr'><strong>sunt</strong></span> <span class='ocrx_word' id='word_1_143' title='bbox 910 2650 1077 2735; x_wconf 73' lang='lat' dir='ltr'><strong>parentes</strong></span> <span class='ocrx_word' id='word_1_144' title='bbox 1098 2630 1180 2708; x_wconf 77' lang='lat' dir='ltr'><strong>tui?</strong></span> <span class='ocrx_word' id='word_1_145' title='bbox 1194 2666 1215 2705; x_wconf 81' lang='lat' dir='ltr'><strong>n</strong></span> 
     </span>
    </p>

    <p class='ocr_par' dir='ltr' id='par_1_2' title="bbox 232 2749 1303 4022">
     <span class='ocr_line' id='line_1_21' title="bbox 281 2749 1302 2852; baseline 0.003 -28"><span class='ocrx_word' id='word_1_146' title='bbox 281 2754 342 2824; x_wconf 84' lang='lat'><strong>50.</strong></span> <span class='ocrx_word' id='word_1_147' title='bbox 362 2750 412 2823; x_wconf 89' lang='lat' dir='ltr'><strong>Et</strong></span> <span class='ocrx_word' id='word_1_148' title='bbox 427 2749 570 2825; x_wconf 73' lang='lat' dir='ltr'><strong>daemon</strong></span> <span class='ocrx_word' id='word_1_149' title='bbox 586 2777 652 2851; x_wconf 90' lang='lat' dir='ltr'><strong>per</strong></span> <span class='ocrx_word' id='word_1_150' title='bbox 663 2751 818 2851; x_wconf 91' lang='lat' dir='ltr'><strong>puellam</strong></span> <span class='ocrx_word' id='word_1_151' title='bbox 835 2782 844 2823; x_wconf 90' lang='lat'><strong>:</strong></span> <span class='ocrx_word' id='word_1_152' title='bbox 863 2784 882 2821; x_wconf 77' lang='grc' dir='ltr'>α</span> <span class='ocrx_word' id='word_1_153' title='bbox 898 2752 996 2852; x_wconf 76' lang='lat' dir='ltr'><strong>Ego,</strong></span> <span class='ocrx_word' id='word_1_154' title='bbox 1012 2753 1082 2841; x_wconf 89' lang='lat' dir='ltr'><strong>ait,</strong></span> <span class='ocrx_word' id='word_1_155' title='bbox 1101 2778 1183 2826; x_wconf 90' lang='lat' dir='ltr'><strong>sum</strong></span> <span class='ocrx_word' id='word_1_156' title='bbox 1200 2752 1302 2827; x_wconf 84' lang='lat' dir='ltr'><strong>satel-</strong></span> 
     </span>
     <span class='ocr_line' id='line_1_22' title="bbox 232 2865 1303 2971; baseline 0.006 -34"><span class='ocrx_word' id='word_1_157' title='bbox 232 2865 283 2938; x_wconf 85' lang='lat' dir='ltr'><strong>les</strong></span> <span class='ocrx_word' id='word_1_158' title='bbox 305 2881 413 2967; x_wconf 85' lang='lat' dir='ltr'><strong>atque</strong></span> <span class='ocrx_word' id='word_1_159' title='bbox 436 2865 633 2965; x_wconf 89' lang='lat' dir='ltr'><strong>discipulus</strong></span> <span class='ocrx_word' id='word_1_160' title='bbox 656 2868 817 2956; x_wconf 74' lang='lat' dir='ltr'><strong>Satanas,</strong></span> <span class='ocrx_word' id='word_1_161' title='bbox 843 2883 881 2941; x_wconf 91' lang='lat' dir='ltr'><strong>et</strong></span> <span class='ocrx_word' id='word_1_162' title='bbox 904 2868 1024 2943; x_wconf 89' lang='lat' dir='ltr'><strong>multo</strong></span> <span class='ocrx_word' id='word_1_163' title='bbox 1043 2871 1119 2969; x_wconf 85' lang='lat' dir='ltr'><strong>jam</strong></span> <span class='ocrx_word' id='word_1_164' title='bbox 1142 2885 1303 2971; x_wconf 80' lang='lat' dir='ltr'><strong>tempore</strong></span> 
     </span>
     <span class='ocr_line' id='line_1_23' title="bbox 232 2984 1300 3091; baseline 0.005 -36"><span class='ocrx_word' id='word_1_165' title='bbox 232 2986 326 3085; x_wconf 89' lang='lat' dir='ltr'><strong>apud</strong></span> <span class='ocrx_word' id='word_1_166' title='bbox 345 2984 480 3059; x_wconf 83' lang='lat' dir='ltr'><strong>inferos</strong></span> <span class='ocrx_word' id='word_1_167' title='bbox 491 2986 631 3084; x_wconf 87' lang='lat' dir='ltr'><strong>janitor</strong></span> <span class='ocrx_word' id='word_1_168' title='bbox 643 2985 696 3057; x_wconf 85' lang='lat' dir='ltr'><strong>fui</strong></span> <span class='ocrx_word' id='word_1_169' title='bbox 711 3017 721 3077; x_wconf 90' lang='lat'>;</span> <span class='ocrx_word' id='word_1_170' title='bbox 736 2986 796 3059; x_wconf 72' lang='lat' dir='ltr'><strong>setl</strong></span> <span class='ocrx_word' id='word_1_171' title='bbox 812 2986 921 3061; x_wconf 90' lang='lat' dir='ltr'><strong>modo</strong></span> <span class='ocrx_word' id='word_1_172' title='bbox 938 3014 1003 3086; x_wconf 90' lang='lat' dir='ltr'><strong>per</strong></span> <span class='ocrx_word' id='word_1_173' title='bbox 1013 3014 1129 3062; x_wconf 85' lang='lat' dir='ltr'><strong>annos</strong></span> <span class='ocrx_word' id='word_1_174' title='bbox 1142 2988 1300 3091; x_wconf 84' lang='lat' dir='ltr'><strong>aliquot,</strong></span> 
     </span>
     <span class='ocr_line' id='line_1_24' title="bbox 235 3102 1299 3205; baseline 0.002 -29"><span class='ocrx_word' id='word_1_175' title='bbox 235 3128 318 3176; x_wconf 87' lang='lat' dir='ltr'><strong>cum</strong></span> <span class='ocrx_word' id='word_1_176' title='bbox 332 3102 437 3175; x_wconf 86' lang='lat' dir='ltr'><strong>sociis</strong></span> <span class='ocrx_word' id='word_1_177' title='bbox 454 3103 542 3176; x_wconf 90' lang='lat' dir='ltr'><strong>meis</strong></span> <span class='ocrx_word' id='word_1_178' title='bbox 555 3102 738 3192; x_wconf 89' lang='lat' dir='ltr'><strong>undecim,</strong></span> <span class='ocrx_word' id='word_1_179' title='bbox 753 3130 907 3205; x_wconf 82' lang='lat' dir='ltr'><strong>regnum</strong></span> <span class='ocrx_word' id='word_1_180' title='bbox 919 3106 1144 3181; x_wconf 83' lang='lat' dir='ltr'><strong>Francorum</strong></span> <span class='ocrx_word' id='word_1_181' title='bbox 1157 3108 1299 3180; x_wconf 77' lang='lat' dir='ltr'><strong>vastari.</strong></span> 
     </span>
     <span class='ocr_line' id='line_1_25' title="bbox 235 3220 1302 3327; baseline 0.004 -34"><span class='ocrx_word' id='word_1_182' title='bbox 235 3220 476 3294; x_wconf 88' lang='lat' dir='ltr'><strong>Frumentum</strong></span> <span class='ocrx_word' id='word_1_183' title='bbox 493 3235 529 3293; x_wconf 94' lang='lat' dir='ltr'><strong>et</strong></span> <span class='ocrx_word' id='word_1_184' title='bbox 539 3221 689 3309; x_wconf 78' lang='lat' dir='ltr'><strong>vinnm,</strong></span> <span class='ocrx_word' id='word_1_185' title='bbox 708 3238 745 3293; x_wconf 90' lang='lat' dir='ltr'><strong>et</strong></span> <span class='ocrx_word' id='word_1_186' title='bbox 761 3248 888 3296; x_wconf 90' lang='lat' dir='ltr'><strong>omnes</strong></span> <span class='ocrx_word' id='word_1_187' title='bbox 903 3222 988 3295; x_wconf 82' lang='lat' dir='ltr'><strong>alias</strong></span> <span class='ocrx_word' id='word_1_188' title='bbox 1003 3221 1145 3325; x_wconf 75' lang='lat' dir='ltr'><strong>fruges,</strong></span> <span class='ocrx_word' id='word_1_189' title='bbox 1161 3252 1246 3327; x_wconf 78' lang='lat' dir='ltr'><strong>quae</strong></span> <span class='ocrx_word' id='word_1_190' title='bbox 1261 3222 1302 3297; x_wconf 70' lang='grc' dir='ltr'><strong>«Ι</strong></span> 
     </span>
     <span class='ocr_line' id='line_1_26' title="bbox 235 3335 1301 3442; baseline 0.006 -33"><span class='ocrx_word' id='word_1_191' title='bbox 235 3361 341 3409; x_wconf 88' lang='lat' dir='ltr'><strong>usum</strong></span> <span class='ocrx_word' id='word_1_192' title='bbox 357 3335 549 3410; x_wconf 90' lang='lat' dir='ltr'><strong>bominum</strong></span> <span class='ocrx_word' id='word_1_193' title='bbox 567 3337 611 3411; x_wconf 90' lang='lat' dir='ltr'><strong>de</strong></span> <span class='ocrx_word' id='word_1_194' title='bbox 635 3353 728 3411; x_wconf 88' lang='lat' dir='ltr'><strong>terra</strong></span> <span class='ocrx_word' id='word_1_195' title='bbox 752 3355 963 3427; x_wconf 89' lang='lat' dir='ltr'><strong>nascuntur,</strong></span> <span class='ocrx_word' id='word_1_196' title='bbox 982 3342 1087 3439; x_wconf 84' lang='lat' dir='ltr'><strong>juxta</strong></span> <span class='ocrx_word' id='word_1_197' title='bbox 1103 3340 1301 3442; x_wconf 81' lang='lat' dir='ltr'><strong>quodjussi</strong></span> 
     </span>
     <span class='ocr_line' id='line_1_27' title="bbox 235 3453 1301 3555; baseline 0.007 -28"><span class='ocrx_word' id='word_1_198' title='bbox 235 3480 395 3541; x_wconf 86' lang='lat' dir='ltr'><strong>eramus,</strong></span> <span class='ocrx_word' id='word_1_199' title='bbox 415 3453 598 3529; x_wconf 88' lang='lat' dir='ltr'><strong>enecando</strong></span> <span class='ocrx_word' id='word_1_200' title='bbox 614 3454 831 3544; x_wconf 84' lang='lat' dir='ltr'><strong>delevimus3</strong></span> <span class='ocrx_word' id='word_1_201' title='bbox 851 3482 979 3555; x_wconf 83' lang='lat' dir='ltr'><strong>pecora</strong></span> <span class='ocrx_word' id='word_1_202' title='bbox 998 3455 1137 3531; x_wconf 85' lang='lat' dir='ltr'><strong>morbis</strong></span> <span class='ocrx_word' id='word_1_203' title='bbox 1155 3454 1301 3533; x_wconf 76' lang='lat' dir='ltr'><strong>interle-</strong></span> 
     </span>
     <span class='ocr_line' id='line_1_28' title="bbox 234 3570 1300 3674; baseline 0.002 -29"><span class='ocrx_word' id='word_1_204' title='bbox 234 3575 370 3655; x_wconf 86' lang='lat' dir='ltr'><strong>cimus,</strong></span> <span class='ocrx_word' id='word_1_205' title='bbox 389 3570 486 3645; x_wconf 89' lang='lat' dir='ltr'><strong>luem</strong></span> <span class='ocrx_word' id='word_1_206' title='bbox 502 3598 543 3645; x_wconf 92' lang='lat' dir='ltr'><strong>ac</strong></span> <span class='ocrx_word' id='word_1_207' title='bbox 559 3573 800 3672; x_wconf 83' lang='lat' dir='ltr'><strong>pestilentiam</strong></span> <span class='ocrx_word' id='word_1_208' title='bbox 820 3574 855 3646; x_wconf 94' lang='lat' dir='ltr'><strong>in</strong></span> <span class='ocrx_word' id='word_1_209' title='bbox 875 3575 971 3674; x_wconf 89' lang='lat' dir='ltr'><strong>ipsos</strong></span> <span class='ocrx_word' id='word_1_210' title='bbox 988 3573 1155 3649; x_wconf 84' lang='lat' dir='ltr'><strong>homines</strong></span> <span class='ocrx_word' id='word_1_211' title='bbox 1171 3577 1300 3649; x_wconf 85' lang='lat' dir='ltr'><strong>immis-</strong></span> 
     </span>
     <span class='ocr_line' id='line_1_29' title="bbox 234 3690 1298 3791; baseline 0.003 -29"><span class='ocrx_word' id='word_1_212' title='bbox 234 3691 369 3778; x_wconf 69' lang='lat' dir='ltr'><strong>simus,</strong></span> <span class='ocrx_word' id='word_1_213' title='bbox 400 3715 526 3765; x_wconf 89' lang='lat' dir='ltr'><strong>omnes</strong></span> <span class='ocrx_word' id='word_1_214' title='bbox 550 3716 697 3791; x_wconf 86' lang='lat' dir='ltr'><strong>quoquc</strong></span> <span class='ocrx_word' id='word_1_215' title='bbox 720 3690 949 3766; x_wconf 84' lang='lat' dir='ltr'><strong>adversitates</strong></span> <span class='ocrx_word' id='word_1_216' title='bbox 974 3708 1009 3767; x_wconf 88' lang='lat' dir='ltr'><strong>et</strong></span> <span class='ocrx_word' id='word_1_217' title='bbox 1032 3708 1165 3766; x_wconf 87' lang='lat' dir='ltr'><strong>cuncta</strong></span> <span class='ocrx_word' id='word_1_218' title='bbox 1192 3692 1298 3775; x_wconf 80' lang='lat' dir='ltr'><strong>mals,</strong></span> 
     </span>
     <span class='ocr_line' id='line_1_30' title="bbox 234 3802 1299 3906; baseline 0.008 -29"><span class='ocrx_word' id='word_1_219' title='bbox 234 3832 316 3904; x_wconf 86' lang='lat' dir='ltr'><strong>quae</strong></span> <span class='ocrx_word' id='word_1_220' title='bbox 330 3802 483 3904; x_wconf 85' lang='lat' dir='ltr'><strong>jamdiu</strong></span> <span class='ocrx_word' id='word_1_221' title='bbox 499 3832 568 3904; x_wconf 93' lang='lat' dir='ltr'><strong>pro</strong></span> <span class='ocrx_word' id='word_1_222' title='bbox 587 3807 723 3879; x_wconf 91' lang='lat' dir='ltr'><strong>meritis</strong></span> <span class='ocrx_word' id='word_1_223' title='bbox 739 3807 811 3879; x_wconf 91' lang='lat' dir='ltr'><strong>suis</strong></span> <span class='ocrx_word' id='word_1_224' title='bbox 825 3807 1028 3906; x_wconf 89' lang='lat' dir='ltr'><strong>patiuntur,</strong></span> <span class='ocrx_word' id='word_1_225' title='bbox 1047 3806 1155 3883; x_wconf 85' lang='lat' dir='ltr'><strong>nobis</strong></span> <span class='ocrx_word' id='word_1_226' title='bbox 1170 3807 1299 3885; x_wconf 78' lang='lat' dir='ltr'><strong>sacien-</strong></span> 
     </span>
     <span class='ocr_line' id='line_1_31' title="bbox 236 3920 1297 4022; baseline 0.005 -30"><span class='ocrx_word' id='word_1_227' title='bbox 236 3920 332 3995; x_wconf 92' lang='lat' dir='ltr'><strong>tibus</strong></span> <span class='ocrx_word' id='word_1_228' title='bbox 347 3938 455 4022; x_wconf 89' lang='lat' dir='ltr'><strong>atque</strong></span> <span class='ocrx_word' id='word_1_229' title='bbox 468 3922 736 4022; x_wconf 84' lang='lat' dir='ltr'><strong>ingerentibus,</strong></span> <span class='ocrx_word' id='word_1_230' title='bbox 753 3925 803 3996; x_wconf 89' lang='lat' dir='ltr'><strong>eis</strong></span> <span class='ocrx_word' id='word_1_231' title='bbox 819 3923 1041 3999; x_wconf 87' lang='lat' dir='ltr'><strong>acciderunt.</strong></span> <span class='ocrx_word' id='word_1_232' title='bbox 1052 3956 1072 3994; x_wconf 79' lang='lat' dir='ltr'><strong>s</strong></span> <span class='ocrx_word' id='word_1_233' title='bbox 1082 3924 1209 3999; x_wconf 90' lang='lat' dir='ltr'><strong>-llic</strong></span> <span class='ocrx_word' id='word_1_234' title='bbox 1223 3948 1297 3997; x_wconf 80' lang='lat' dir='ltr'><strong>cun</strong></span> 
     </span>
    </p>
   </div>
   <div class='ocr_carea' id='block_1_2' title="bbox 974 4100 1295 4119">
    <p class='ocr_par' dir='ltr' id='par_1_3' title="bbox 974 4100 1295 4119">
     <span class='ocr_line' id='line_1_32' title="bbox 974 4100 1295 4119; baseline -0.006 0"><span class='ocrx_word' id='word_1_235' title='bbox 974 4100 1295 4119; x_wconf 52' lang='grc' dir='ltr'><strong>σ-ο--ῌ</strong></span> 
     </span>
    </p>
   </div>
   <div class='ocr_carea' id='block_1_3' title="bbox 269 4186 802 4259">
    <p class='ocr_par' dir='ltr' id='par_1_4' title="bbox 269 4186 802 4259">
     <span class='ocr_line' id='line_1_33' title="bbox 269 4186 802 4259; baseline 0.004 -19"><span class='ocrx_word' id='word_1_236' title='bbox 269 4187 310 4257; x_wconf 79' lang='lat' dir='ltr'><strong>(a)</strong></span> <span class='ocrx_word' id='word_1_237' title='bbox 325 4186 399 4242; x_wconf 78' lang='lat' dir='ltr'><strong>Edit.</strong></span> <span class='ocrx_word' id='word_1_238' title='bbox 414 4188 612 4259; x_wconf 72' lang='lat' dir='ltr'><strong>Nilltagonne,</strong></span> <span class='ocrx_word' id='word_1_239' title='bbox 626 4189 707 4243; x_wconf 85' lang='lat' dir='ltr'><strong>etsie</strong></span> <span class='ocrx_word' id='word_1_240' title='bbox 722 4188 802 4243; x_wconf 75' lang='lat' dir='ltr'><strong>inin.</strong></span> 
     </span>
    </p>
   </div>
   <div class='ocr_carea' id='block_1_4' title="bbox 0 0 1550 5302">
    <p class='ocr_par' dir='ltr' id='par_1_5' title="bbox 0 0 1550 5302">
     <span class='ocr_line' id='line_1_34' title="bbox 0 0 1550 5302; baseline 0 0"><span class='ocrx_word' id='word_1_241' title='bbox 0 0 1550 5302; x_wconf 95' lang='lat' dir='ltr'><strong> </strong></span> 
     </span>
    </p>
   </div>
  </div>
 </body>
</html>
