3166 5280
258 500 318 563 346
482 494 665 559 HISTORIA
685 494 1005 571 tulustfflottls,
1026 516 1089 559 erc.

256 620 317 693 das
336 616 570 719 septembris,
598 619 635 690 in
657 616 779 691 eadem
799 617 942 692 ecclesia
952 670 964 707 ,
982 644 1067 691 cnm
1086 616 1316 721 Evangelinm

258 739 457 837 legeretur,
486 734 612 810 eodem
638 733 774 835 populo
798 749 908 827 teste,
933 736 983 807 ita
1004 750 1125 810 erecta
1149 750 1260 837 atque
1283 739 1316 809 in

256 868 388 927 statum
411 852 606 953 pristinum
631 852 795 927 restituta
817 865 894 943 est,
926 876 968 925 ac
988 852 1018 925 si
1045 878 1240 955 nunquam
1260 880 1317 955 prr

256 972 367 1046 ullam
384 971 547 1071 corporis
564 970 619 1043 sui
644 968 830 1045 laesionem
845 968 890 1043 ad
913 985 1048 1044 terram
1064 968 1195 1045 fuisset
1218 970 1317 1045 incli-

256 1104 352 1162 nata.
384 1094 508 1163 Postea
533 1112 651 1176 vero,¹
669 1084 822 1163 secunda
847 1100 885 1161 et
911 1086 1077 1161 vicesima
1103 1084 1165 1161 die
1195 1088 1317 1163 mensis

256 1201 491 1303 septembris,
515 1202 629 1276 idest
651 1201 793 1277 decimo
815 1200 983 1277 kalendas
1002 1198 1192 1293 octobris,
1214 1200 1317 1279 homo

255 1321 402 1422 quidam
417 1320 463 1396 de
477 1345 569 1421 pago
580 1318 804 1411 Texandria,
818 1344 863 1393 ex
874 1318 959 1391 villa
972 1342 1057 1421 quae
1071 1318 1240 1417 Apennia
1255 1344 1317 1395 nc·

256 1438 439 1527 minatur,
465 1433 641 1511 vocabulo
667 1434 885 1525 Lindoldus,
915 1435 981 1536 qui
1006 1448 1163 1536 propter
1190 1434 1316 1509 sinistri

257 1555 372 1629 cruris
395 1581 436 1627 ac
460 1552 559 1654 pedis
587 1552 873 1627 imbecillitatem
894 1548 1037 1627 duobus
1058 1578 1098 1627 ee
1119 1548 1259 1625 baculis
1279 1552 1317 1625 ad

258 1669 494 1746 incedendum
510 1669 753 1759 sustentabat,
772 1669 821 1743 ita
836 1666 970 1743 ibidem
985 1675 1026 1741 in
1039 1684 1242 1769 conspeetu
1253 1692 1316 1769 pn-

257 1789 333 1890 puli
354 1788 512 1889 perfecte
530 1802 674 1861 curatura
691 1802 768 1876 est,
791 1802 834 1861 ut
849 1786 944 1861 ultra
956 1790 1031 1888 jam
1047 1786 1088 1861 in
1104 1784 1316 1861 ambulando

257 1905 471 1982 baculorum
485 1903 706 1980 adminiculo
721 1928 800 1979 non
815 1918 949 2005 egeret.

306 2246 368 2321 79.
393 2245 531 2340 Quarta
550 2270 638 2320 vero
654 2245 713 2319 die
728 2259 812 2345 post
828 2245 1072 2346 patrationem
1087 2244 1199 2347 liujus
1216 2248 1314 2321 min-

257 2362 349 2451 culi,
363 2362 401 2435 id
413 2377 467 2435 est
477 2362 631 2462 septimo
643 2360 810 2435 kalendas
822 2361 985 2437 octobris
993 2416 1005 2451 ,
1018 2362 1168 2463 juvenia
1177 2362 1312 2467 quida

256 2478 383 2553 surdus
404 2495 441 2553 et
461 2496 608 2569 mutus,
630 2478 773 2553 sinistra
790 2506 936 2583 quoque
956 2504 1069 2553 manu
1090 2494 1310 2567 contactu,

256 2601 405 2675 nomine
420 2597 664 2687 llunwaldus,
681 2599 727 2673 de
740 2598 824 2671 villa
842 2598 976 2674 corvio
991 2614 1225 2701 nuncupata,
1241 2622 1311 2673 eun

256 2731 339 2791 ante
364 2742 478 2790 sacras
505 2717 709 2816 Martyrum
731 2716 902 2817 reliquias
928 2716 1105 2805 venisset,
1137 2730 1250 2817 atque
1270 2712 1309 2789 ibi

255 2833 466 2934 suppliciter
482 2849 638 2921 orasset,
660 2834 780 2905 statim
801 2860 866 2933 per
883 2834 1057 2907 virtutem
1077 2830 1237 2921 Christi,
1252 2830 1310 2905 de

255 2950 365 3049 pulsis
386 2952 561 3024 universis
583 2950 716 3051 quibus
737 2948 957 3025 afficiebatur
978 2950 1248 3041 incommodis,
1269 2950 1309 3023 in

255 3092 361 3140 sanus
386 3068 533 3140 ellectns
559 3083 632 3157 est,
662 3094 705 3141 ae
727 3069 756 3141 si
784 3092 972 3168 nunqnam
995 3082 1059 3141 aut
1083 3066 1236 3159 surdus,
1257 3080 1310 3141 ant

255 3200 378 3257 mutus
387 3238 400 3275 ,
417 3200 480 3256 aut
496 3208 539 3257 ex
559 3187 808 3261 contractione
824 3210 1021 3259 nervorum
1040 3185 1079 3257 in
1096 3212 1215 3259 manu
1232 3182 1310 3257 luis-

255 3316 307 3375 set
322 3302 445 3404 aliquo
462 3301 572 3377 modo
588 3300 807 3376 debilitatus.
827 3302 1074 3403 sequentique
1086 3302 1169 3395 die,
1187 3302 1309 3377 nocer

253 3435 354 3493 sexto
366 3419 531 3493 kalendas
542 3417 716 3507 octobris,
729 3419 864 3493 femina
876 3417 1060 3521 quaedam,
1073 3420 1232 3495 nomine
1242 3418 1310 3491 En-

251 3537 406 3639 gilgarda
418 3590 429 3623 ‚
448 3564 532 3639 qnae
553 3564 620 3636 per
643 3537 777 3611 multos
800 3562 915 3611 annos
936 3536 1013 3609 dira
1035 3536 1214 3637 paralysis
1235 3560 1309 3637 pas·

251 3658 352 3731 aione
368 3654 570 3743 tenebatur,
591 3656 713 3730 eadem
734 3656 772 3727 in
788 3653 946 3741 basilica,
963 3678 1030 3753 per
1044 3654 1179 3727 merita
1194 3650 1309 3729 beato·

250 3800 332 3847 rum
347 3776 563 3871 Martyrum,
581 3800 702 3847 coram
717 3771 817 3847 omni
833 3772 988 3873 populo,
1004 3787 1060 3845 est
1072 3788 1215 3847 curan.
1229 3770 1309 3845 Erat

250 3893 370 3967 eadem
395 3891 523 3965 ancilla
546 3891 731 3990 pertinens
756 3889 801 3962 ad
824 3888 1046 3990 episcopium
1063 3888 1307 3975 romam,

249 4012 294 4085 de
321 4012 405 4085 villa
425 4036 508 4112 qua·
526 4006 774 4087 vuerecundia
801 4006 1026 4080 nominatur.
1052 4006 1096 4077 ln
1118 4006 1308 4079 crastina

249 4156 348 4217 vero,
370 4130 404 4201 id
420 4144 474 4203 est
488 4130 620 4231 quinto
635 4124 800 4199 kalendas
820 4122 1000 4211 octobris,
1019 4122 1134 4197 alteru
1150 4122 1308 4225 quadan

248 4247 403 4333 l'erninn,
427 4249 574 4321 nominc
597 4242 823 4342 llamburgn,
848 4242 891 4315 de
914 4240 996 4313 villa
1021 4240 1307 4345 Bertingalein.
