3166 5280
254 435 311 494 136
572 432 765 494 ElNHARDl
788 430 992 495 EPlSTOLAE.

253 551 337 625 tur?
352 553 519 625 llaeecine
536 552 618 625 talia
635 553 701 626 tibi
720 554 904 644 videntur,
920 571 963 628 ut
975 554 1139 654 suspiria,
1155 568 1199 626 ut
1210 553 1307 652 lacry-

254 699 327 743 mas
357 670 594 745 homuncioni
618 672 764 748 tantillo
788 698 1041 760 commovere,
1064 686 1108 743 ut
1136 672 1253 773 ipsum
1273 670 1307 744 ad

252 789 426 888 gemitum
444 805 480 861 et
495 789 679 889 planctum
695 793 894 880 concitare,
913 809 954 863 ut
973 791 1081 865 etiam
1098 790 1137 862 in
1153 788 1309 889 despera-

253 907 363 979 tionis
376 906 560 979 baratrum
573 907 726 1007 dejicere
737 905 962 1010 potuissent?
975 909 1025 982 Et
1035 905 1311 1009 utiqnedejecit·

253 1038 351 1111 sent,
375 1024 444 1096 nisi
463 1022 597 1097 divinae
620 1026 861 1101 miserationis
882 1052 951 1126 ope
966 1025 1154 1114 suffultus,
1174 1023 1265 1125 quid
1281 1024 1311 1097 in

253 1139 457 1241 hujusmodi
469 1141 582 1213 causis
593 1156 656 1213 aut
668 1142 807 1216 casibus
818 1146 968 1242 majores
977 1142 1195 1218 aemeliores
1204 1142 1313 1217 nostri

254 1255 451 1331 tenendum
463 1257 751 1360 servandumque
769 1261 986 1347 sanxissent,
1001 1259 1046 1333 ad
1063 1258 1315 1361 inquirendum

253 1371 376 1447 subito
394 1399 451 1447 me
475 1375 744 1448 convertissem.
774 1377 890 1449 Erant
913 1375 957 1449 sd
984 1400 1133 1449 manum
1155 1375 1316 1451 doctores

254 1484 412 1585 egregii,
437 1484 571 1558 nedum
589 1512 666 1561 non
688 1487 902 1585 spernendi,
921 1512 1046 1561 verum
1071 1482 1243 1559 omnibus
1261 1508 1317 1557 au·

255 1601 376 1674 diendi
390 1616 500 1701 atque
518 1602 713 1702 sequendi:
730 1601 1082 1705 gloriosusvidelicet
1098 1614 1241 1701 martyr
1254 1598 1318 1701 Gy-

254 1718 421 1818 prianus,
442 1733 479 1792 et
501 1719 730 1792 illustrissimi
748 1746 926 1793 sacrarum
939 1720 1218 1821 divinarumque
1230 1716 1319 1791 litte·

256 1862 379 1906 rarum
409 1836 648 1934 expositores,
683 1836 905 1939 Augustinus
931 1854 1039 1938 atque
1061 1832 1317 1937 Hieronymus.

260 1951 628 2051 Quorumfsententiis
641 1979 681 2025 ac
694 1954 938 2029 saluberrimis
952 1950 1242 2056 persuasionibus
1254 1952 1321 2025 ani-

255 2085 391 2157 matus,
418 2069 623 2168 depressum
645 2072 742 2171 gravi
769 2099 929 2147 moerore
956 2099 1021 2147 eor
1042 2097 1187 2144 sursum
1209 2070 1322 2145 levare

257 2203 406 2258 conatus
417 2212 511 2272 sum,
525 2188 693 2288 coepique
702 2214 845 2262 mecum
857 2190 981 2262 sedulo
993 2203 1160 2287 reputare
1171 2183 1261 2287 quid
1272 2210 1324 2257 su·

258 2329 322 2402 per
338 2328 482 2376 excessu
495 2304 686 2377 carissimae
701 2303 970 2379 contubernalis
985 2304 1119 2378 sentire
1134 2300 1322 2387 deberem,

258 2423 359 2519 cujus
372 2420 649 2509 mortalitatem,
671 2422 782 2521 magis
801 2447 910 2521 quam
925 2423 1054 2507 vitam,
1071 2416 1239 2493 videbam
1256 2442 1326 2491 esse

259 2534 413 2608 linitam.
426 2538 578 2610 Tentavi
591 2538 713 2624 etiam,
725 2539 753 2610 si
765 2564 903 2638 possem
914 2566 933 2610 a
946 2536 1159 2637 memetipso
1168 2535 1325 2637 exigere,

261 2668 301 2723 ut
319 2653 353 2725 id
378 2656 518 2730 ratione
542 2654 637 2753 apud
662 2681 719 2727 me
743 2654 863 2743 lieret,
888 2654 988 2757 quod
1010 2655 1116 2755 longa
1139 2652 1215 2727 dies
1238 2650 1330 2727 solet

260 2771 409 2856 efficere
426 2772 561 2845 scilicet
572 2788 614 2843 ut
623 2774 768 2861 vulnus,
783 2774 882 2874 quod
891 2774 1013 2847 animo
1024 2788 1153 2847 nostro
1165 2768 1331 2847 nondum

261 2908 397 2989 sperata
427 2907 545 2964 morte
571 2892 784 2989 repentinus
811 2916 911 2963 casus
937 2890 1096 2976 inflixit,
1125 2888 1332 2961 cicatrioem

262 3008 392 3079 ducere
403 3033 444 3077 ac
457 3022 663 3105 spontaneae
678 3007 936 3081 consolationis
944 3007 1208 3080 medicamento
1219 3030 1333 3079 sanet·

265 3143 345 3189 cere
361 3116 549 3214 inciperet.
569 3116 637 3189 Sed
652 3117 811 3190 vulneris
826 3118 1038 3219 magnitudo
1054 3117 1217 3191 facilitati
1231 3116 1334 3191 resis-

265 3230 328 3313 tit;
345 3242 381 3299 et
399 3226 482 3299 lieet
500 3225 731 3298 saluberrima
747 3228 837 3313 sint,
853 3256 935 3329 quae
950 3258 968 3300 a
983 3230 1193 3304 memoratis
1203 3228 1334 3303 docto·

264 3345 379 3436 ribus,
394 3343 436 3415 ad
451 3344 690 3443 mitigandum
702 3370 844 3443 gravem
856 3344 1034 3433 dolorem,
1046 3345 1145 3419 velut
1159 3372 1178 3417 a
1191 3345 1336 3444 peritis·

264 3461 363 3533 simis
383 3458 548 3557 idemque
568 3459 765 3531 mitissimis
782 3458 950 3545 medicis,
970 3460 1191 3548 offeruntur,
1209 3460 1333 3561 plaga,

265 3605 347 3679 qnae
374 3574 489 3648 adhuc
514 3575 721 3673 sanguinem
753 3573 881 3663 trahit,
912 3573 1058 3648 sanandi
1086 3576 1334 3649 maturitatem

267 3695 428 3769 nondum
447 3691 618 3764 admittit.

316 3813 383 3884 llic
400 3810 548 3883 fortasse
568 3809 725 3893 miraris,
753 3836 792 3879 ae
816 3807 905 3881 dicis
928 3837 969 3881 cx
997 3808 1200 3907 hujusmodi
1228 3836 1338 3883 occa-

267 3935 367 4002 sione
395 3943 520 4000 natum
551 3926 734 4009 dolorem,
768 3941 839 3996 tarn
870 3925 1019 4025 longum
1049 3952 1088 3997 ac
1117 3925 1336 3999 diuturnum

268 4075 339 4119 esse
373 4072 447 4117 uon
480 4043 655 4114 delusisse.
696 4041 801 4133 Quasi
831 4044 866 4113 in
895 4042 1050 4115 ‹lolcntis
1083 4043 1128 4113 sit.
1159 4056 1338 4141 potestate

268 4163 411 4260 spirando
429 4162 462 4230 isl
481 4162 626 4230 liniatur
639 4159 736 4259 (prod
750 4158 808 4229 ille
821 4213 829 4243 ,
844 4160 989 4257 (plaudo
1004 4160 1199 4256 inciperet,
1218 4184 1339 4259 neque
