3166 5280
254 533 313 594 166
543 530 593 587 ΑΙ)
614 524 808 588 Elllllllllll
831 524 1036 588 Erlsmnas

253 652 351 718 finem
364 651 546 740 imponere,
557 672 654 740 quern
668 672 727 716 nec
740 649 902 739 pressim,
916 671 976 715 nec
988 648 1215 714 imminentem
1222 658 1316 735 queat

253 766 409 857 effugere,
420 766 627 832 vehementer
636 762 795 856 approbo,
810 764 948 855 satisque
960 762 1121 831 catholice
1129 760 1259 830 dictum
1268 762 1316 827 in·

253 898 358 952 tueor.
369 884 444 951 Non
453 899 500 951 est
511 886 598 950 enirn
611 885 645 950 in
657 897 812 976 potestate
825 880 998 949 hominum
1006 881 1060 948 ria
1070 880 1145 971 ejus
1156 880 1222 969 (r),
1233 877 1315 946 seda

251 1002 532 1092 Dominogressus
543 996 962 1088 hominumdiriguntur,et
974 997 1111 1064 humani
1122 994 1318 1063 libertasse-

252 1118 340 1184 bitrii
353 1131 427 1207 eget
438 1115 627 1183 omnimodo
636 1114 757 1183 auxilio
767 1116 879 1206 gratie
887 1115 949 1181 Dei
957 1140 966 1199 3
975 1114 1031 1181 sed
1041 1112 1139 1207 plane
1147 1111 1317 1205 qnoeltets

250 1249 345 1315 sunt,
367 1232 487 1300 inlecta
506 1255 573 1300 esse
596 1255 663 1299 non
681 1246 831 1323 possunt,
851 1255 912 1298 nec
937 1229 1035 1298 dolor
1055 1250 1210 1299 revocare
1233 1228 1317 1297 valet

250 1349 349 1417 semel
359 1350 532 1442 preterita,
541 1372 601 1416 uec
616 1350 708 1416 estin
722 1347 955 1416 homineunde
970 1349 1107 1439 aseipso
1119 1360 1210 1439 petat
1223 1346 1316 1414 auxi·

251 1467 344 1534 lium.
353 1466 521 1557 Quocirca
532 1464 725 1558 deprehensi
739 1463 940 1556 quibuslibet
949 1464 1119 1555 angustiis,
1129 1486 1199 1556 qno
1211 1462 1318 1531 verius

251 1606 311 1649 nos
335 1582 491 1649 sentimus
512 1580 714 1671 fragiliores,
740 1582 804 1648 hoc
831 1596 958 1674 oportet
978 1582 1117 1649 celerius
1138 1578 1181 1649 ad
1201 1579 1319 1649 diriore

250 1702 467 1767 miserationis
482 1699 674 1778 subsidium,
684 1699 771 1765 velut
786 1697 828 1765 ad
839 1712 972 1791 portum
983 1696 1321 1779 tutissimum,eoolu·

252 1819 390 1907 giemus.
404 1816 641 1906 Eleganterque
657 1815 739 1881 illud
754 1815 878 1883 dictum
895 1829 959 1883 est:
972 1816 1133 1882 «Necesse
1143 1828 1192 1882 est
1207 1812 1318 1881 adesse

252 1932 418 2014 divinum,
437 1932 495 1999 ubi
511 1934 691 1999 humanum
708 1948 808 1999 cessat
822 1931 978 1998 auxilium
991 1930 1040 2025 (a)
1053 1958 1085 1998 a.
1099 1932 1169 1999 Nec
1185 1930 1318 2023 longus,

254 2046 433 2114 dummodo
446 2070 619 2127 conemur,
631 2047 783 2114 terendus
795 2062 842 2114 est
855 2047 959 2114 labor.
970 2050 1055 2115 Nam
1067 2049 1125 2139 qui
1143 2046 1186 2115 ad
1203 2070 1239 2115 se
1255 2046 1318 2115 boe

254 2162 352 2230 ruodo
362 2178 472 2230 vocat:
484 2164 619 2229 «Venite
631 2161 673 2229 ad
685 2187 736 2229 me
745 2164 802 2254 qui
815 2162 968 2231 laboratis
981 2166 1066 2255 (3)u,
1075 2165 1215 2232 nitentes
1227 2162 1321 2254 adju-

255 2294 321 2359 vat,
336 2278 422 2345 adse
436 2280 656 2370 pervenientes
671 2276 844 2361 informat,
860 2281 892 2346 in
914 2304 946 2345 se
964 2294 1191 2372 permanentes
1206 2278 1323 2372 procul

256 2392 358 2460 dubio
379 2410 526 2461 coronat.
549 2393 662 2485 Quare
679 2394 768 2484 quod
794 2393 920 2463 dixistis
936 2410 1152 2464 memoratum
1173 2396 1321 2465 dolorem

254 2509 364 2601 quoad
376 2511 524 2577 viveretis
535 2534 724 2578 mansurum
737 2510 919 2593 vobiscum,
932 2514 1087 2605 expressit
1099 2515 1164 2581 hoc
1179 2538 1200 2582 a
1216 2514 1321 2595 vobis,

255 2629 371 2708 sentio,
383 2640 534 2694 concreta
552 2626 652 2717 longo
666 2652 727 2694 usu
740 2627 932 2719 magnitudo
942 2630 1081 2711 amoris,
1095 2626 1200 2696 sedin
1215 2651 1254 2697 ea
1266 2652 1322 2695 ros

255 2743 471 2812 obstinatione
492 2746 638 2812 animum
656 2744 855 2836 relinquere,
878 2760 1036 2836 quantum
1057 2745 1181 2827 audeo,
1205 2745 1324 2814 debor-

255 2877 318 2929 tor.
336 2863 503 2953 Siquidem
516 2879 548 2930 et
562 2862 629 2946 illi,
643 2863 739 2952 cujus
750 2887 847 2930 causa
860 2864 1008 2945 emersit,
1026 2862 1110 2930 nihil
1126 2864 1324 2933 immodera-

254 2992 323 3044 tum
346 2978 511 3068 proderit,
532 2993 564 3044 et
586 2976 677 3044 vobis
700 2977 859 3060 rnulturn,
883 2981 946 3046 nisi
969 2977 1165 3072 deponatur,
1190 2981 1320 3049 officiet.

254 3095 415 3184 Quinimo
432 3109 535 3161 totum
553 3118 609 3160 vos
626 3094 807 3161 curandum
828 3096 1074 3188 sanandumque
1087 3098 1235 3167 Domino
1250 3120 1322 3192 per

254 3208 389 3289 mittite,
410 3211 463 3275 cui
484 3225 532 3276 est
550 3206 704 3300 perdocile
722 3210 810 3300 quod
829 3226 939 3279 nostra
956 3227 1072 3280 natura
1093 3211 1322 3281 difficillimum

252 3324 391 3413 judicat.
416 3327 500 3392 Nam
519 3327 592 3417 quis
616 3329 755 3416 speravit
778 3329 812 3394 in
834 3329 998 3410 Domino,
1021 3344 1056 3396 et
1075 3328 1233 3422 deceptus
1254 3332 1323 3398 est?

254 3442 417 3524 Obsecro,
431 3458 536 3510 totum
548 3465 607 3509 cor
623 3458 763 3511 vestrum
777 3446 819 3512 ad
832 3444 1016 3536 rogandum
1027 3448 1134 3513 Deum
1149 3442 1320 3515 effundite.

254 3562 409 3628 Praestare
421 3561 491 3628 vult
504 3562 563 3651 qui
579 3585 612 3627 se
627 3576 665 3629 ut
685 3579 831 3653 rogetur,
849 3564 1036 3632 admonuit:
1049 3590 1066 3628 a
1077 3564 1182 3633 Petite
1195 3579 1229 3633 et
1240 3565 1320 3633 acci·

254 3679 347 3768 pictis
359 3678 408 3767 (4)
419 3705 450 3743 n.
465 3677 566 3743 Petite
579 3692 614 3742 ut
631 3678 698 3767 ipse
713 3679 806 3745 robis
821 3679 974 3747 affectum
990 3681 1124 3772 inspiret
1133 3679 1274 3771 rogandi
1288 3692 1319 3746 et

286 4000 325 4069 (r)
343 3998 387 4053 Cl.
401 3999 505 4053 Jerem.
519 4017 545 4065 x,
563 3996 607 4053 25.

286 4097 324 4162 (u)
336 4094 380 4149 ct.
394 4094 555 4163 Philonem,
570 4112 653 4168 supra
663 4094 697 4150 ab
709 4095 866 4166 Einlaardo‚
880 4098 962 4169 epist.
977 4113 1048 4163 ιιιι,
1062 4114 1090 4168 p.
1107 4099 1142 4162 44
1153 4092 1303 4152 laudatura.

284 4187 322 4258 (5)
339 4190 382 4245 Cf,
397 4191 497 4245 Mattlr.
512 4210 548 4257 rr,
562 4192 605 4247 28.

281 4288 322 4357 ll)
341 4288 383 4343 Cl.
397 4290 475 4344 Joan.
493 4308 546 4360 rvr,
562 4293 605 4358 24.
