3090 5302
232 468 293 528 3³0
456 466 639 528 HISTORIA
660 466 1057 543 TutusLtT10u18‚src.

231 583 313 655 loco
337 583 484 676 fixerat,
506 583 718 683 suspendere
740 584 911 684 parabat:
935 616 953 657 α
975 584 1125 675 Melius,
1149 586 1279 687 inquit,

232 698 299 770 tibi
322 714 393 788 est,
415 715 457 772 ut
474 726 595 776 coram
612 701 667 777 bis
684 702 899 778 Sanctorum
915 700 1098 805 reliquiis,
1123 728 1212 803 quas
1230 700 1283 776 bic

233 816 272 887 in
285 814 450 889 manibus
462 816 589 908 habeo,
606 820 856 918 prosternaris,
870 818 1056 921 Deumque
1065 844 1171 919 roges
1183 832 1226 891 ut
1238 832 1282 905 te,

231 955 297 1029 per
315 932 442 1005 merita
463 932 671 1009 eorumdem
694 935 926 1024 Sanctorum,
949 933 994 1009 de
1013 933 1163 1028 dolore,
1181 958 1285 1037 quem

231 1046 385 1142 pateris,
404 1047 556 1124 liberare
573 1047 743 1150 dignetur
763 1081 772 1121 :
793 1076 877 1123 nam
898 1065 1036 1143 tumor,
1055 1050 1121 1151 qui
1141 1050 1181 1123 in
1202 1047 1286 1121 lucie

233 1178 292 1233 tua
309 1161 464 1254 ridetur,
480 1182 632 1239 testatur
648 1167 803 1267 aliquem
819 1192 989 1267 magnum
1005 1167 1043 1239 iu
1060 1193 1125 1241 ore
1140 1181 1206 1239 tuo
1218 1190 1286 1239 csse

232 1276 409 1351 dolorem.
425 1308 445 1349 u
462 1280 519 1353 Ad
534 1279 610 1353 baec
626 1279 751 1371 bomo,
769 1285 928 1381 projecta
942 1280 1043 1353 lurca
1057 1304 1169 1381 quam
1181 1302 1287 1349 manu

233 1394 383 1487 ferebat,
400 1414 484 1473 unte
496 1397 663 1500 reliquias
677 1426 813 1499 pronus
826 1400 978 1487 corruit,
996 1414 1047 1488 et,
1065 1413 1108 1471 ut
1120 1396 1288 1471 diaeonus

233 1511 265 1583 ci
290 1513 422 1603 suasit,
453 1541 521 1615 pro
549 1516 661 1589 salute
689 1541 752 1589 sua
780 1516 939 1590 Domino
965 1512 1194 1614 supplicavit.
1218 1508 1288 1585 Nec

232 1626 339 1727 longa
363 1629 574 1729 interposita
595 1657 715 1721 mors,
743 1632 793 1704 ita
818 1655 923 1703 sanus
947 1626 994 1701 ab
1018 1629 1187 1705 oratione
1209 1650 1289 1697 snr-

233 1744 344 1832 rexit,
367 1762 409 1819 ut
423 1772 491 1821 nec
512 1764 635 1822 tumor
652 1750 689 1821 in
706 1747 817 1840 facie,
835 1772 903 1821 nec
921 1745 1029 1821 dolor
1044 1745 1084 1819 in
1099 1741 1286 1827 dentibus,

234 1886 300 1934 uec
319 1860 449 1962 gibbus
462 1892 538 1967 quo
556 1864 801 1966 premebatur,
822 1876 1022 1938 remaneret
1041 1863 1080 1936 iu
1095 1858 1221 1937 dorso.
1239 1858 1289 1932 Ac

233 1981 387 2077 proinde
403 1985 549 2059 concito
570 1985 682 2086 gradu
701 1983 822 2057 vicum
841 1984 1038 2083 ingressus,
1057 2006 1187 2055 omues
1205 2002 1291 2079 pro-

232 2096 391 2196 pinquos
410 2125 452 2173 ac
470 2101 608 2174 viciuos
625 2126 725 2193 suos,
746 2101 785 2173 in
804 2098 931 2173 eodem
951 2098 1034 2173 loco
1054 2095 1289 2187 constitutos,

233 2212 277 2286 ad
298 2214 438 2291 laudem
453 2221 530 2293 Deo
548 2218 753 2308 dicendam,
773 2233 808 2293 et
826 2218 955 2319 gratiss
969 2215 1115 2291 Christo
1133 2214 1292 2289 Domim

233 2330 454 2423 referendas,
473 2335 651 2409 invitavit.
670 2333 856 2408 Conlluxit
869 2333 906 2407 in
923 2346 1069 2434 pratum
1084 2330 1212 2433 ingens
1226 2354 1292 2429 po-

232 2447 309 2545 puli
329 2449 546 2541 multitudo,
564 2468 601 2526 et
618 2476 687 2552 pro
706 2476 750 2525 co
768 2452 831 2552 qui
849 2466 991 2525 sanatus
1008 2448 1147 2537 luerat,
1164 2446 1293 2549 gratiss

233 2582 355 2639 actura
375 2569 658 2668 circumjacentis
681 2569 837 2671 regionis
861 2567 967 2642 turbs
990 2580 1206 2669 congregata
1226 2580 1289 2639 cst.

233 2685 377 2785 Rogant
394 2710 519 2761 omnes
541 2685 731 2761 diaconum
753 2684 910 2759 utillum
928 2698 1073 2759 noctem
1098 2680 1150 2757 ibi
1174 2704 1293 2755 mora-

235 2818 429 2877 returznec
438 2804 497 2878 ille
508 2805 558 2879 eis
568 2803 637 2880 boc
648 2830 776 2905 negare
784 2816 926 2902 poterat
933 2800 1039 2903 ,quia
1047 2799 1165 2901 parati
1175 2812 1290 2885 erant,

236 2922 304 2994 nisi
313 2924 517 3016 assentiret,
529 2925 637 2998 etiam
652 2923 808 2997 invitum
817 2919 991 2995 detinere.
1006 2922 1156 2993 Ducunt
1165 2914 1292 2991 deiude

235 3039 445 3139 pervigilem
464 3056 629 3130 noctem,
648 3056 686 3114 et
702 3040 739 3112 in
758 3040 824 3112 Dei
842 3036 1004 3111 laudibus
1022 3050 1099 3111 tota
1116 3034 1220 3137 regio
1236 3060 1291 3107 rc·

236 3155 397 3229 sonabat.
415 3160 456 3231 ln
470 3160 666 3233 crastiuum
678 3173 812 3247 autem,
828 3182 911 3231 cum
921 3156 1094 3232 diaconus
1106 3154 1180 3229 iter
1189 3178 1290 3227 snum

237 3300 361 3373 capere
370 3278 556 3376 coepisset,
569 3278 688 3351 omnis
701 3276 761 3349 illa
771 3276 976 3377 congregati
990 3274 1116 3377 populi
1129 3274 1292 3375 frequen·

237 3391 283 3462 tia
296 3390 488 3467 abeuntem
501 3421 585 3468 cum
596 3395 733 3496 ingenti
749 3394 942 3470 devotione
957 3392 1126 3467 comitata
1139 3406 1215 3480 αις
1229 3414 1292 3463 nce

236 3524 320 3583 ante
332 3510 389 3585 vel
405 3510 597 3588 subsistere
607 3513 664 3586 vel
679 3511 858 3586 discedere
871 3508 1007 3595 voluit,
1021 3532 1131 3610 quam
1145 3504 1192 3579 ub
1203 3506 1290 3593 aliis,

238 3654 329 3729 quos
352 3630 515 3704 miraculi
537 3630 641 3730 hujus
663 3631 756 3703 famu
779 3641 1045 3715 commoverat,
1065 3624 1212 3700 obviarn
1228 3622 1291 3697 sibi

237 3745 464 3820 venientibus
479 3745 604 3822 fuisset
621 3762 800 3845 exceptus.
820 3746 898 3818 lloc
910 3742 1020 3819 modo
1031 3766 1141 3815 sacrae
1154 3740 1293 3841 Marty-

238 3888 321 3935 rum
335 3864 517 3964 reliquiae,
531 3890 575 3937 ex
590 3863 695 3963 hujus
710 3862 897 3937 occasione
915 3858 1099 3949 miraculi,
1115 3886 1137 3931 a
1153 3856 1293 3960 populis

241 3982 381 4055 illarum
408 3985 597 4084 regionum
620 3996 794 4080 exceptoe,
820 3978 924 4053 etad
950 3976 1195 4051 basilicanus.
1221 3972 1292 4048 sat·

240 4100 307 4186 vii,
332 4126 406 4203 quo
429 4130 483 4174 ras
505 4116 723 4177 memoratus
748 4098 923 4199 Georgius
947 4098 1110 4185 miserat,
1140 4093 1292 4171 nemim
