3090 5302
570 394 766 456 APPENDIX
789 394 949 455 ALTERA.
1229 390 1298 457 ‘173

232 544 304 610 quae
330 519 508 586 necessaria
523 519 605 585 mihi
621 519 708 585 scitis
732 542 783 584 me
805 516 892 584 unde
917 516 1037 582 discam
1062 518 1124 582 nisi
1147 540 1186 583 ex
1205 518 1299 584 vobis

234 651 370 713 restare,
395 659 434 700 ex
458 633 576 700 abditis
601 648 711 701 vestrae
729 635 893 700 memoriae
906 631 1094 721 diligentius
1110 657 1240 715 eruere,
1260 659 1298 701 ae

233 752 315 817 mihi
328 753 403 839 jure
423 751 564 817 caritatis
579 765 611 816 et
627 748 775 815 amicitiae
801 748 887 815 ultro
910 749 1036 839 aperire
1049 746 1249 838 dignemini,
1264 766 1300 816 ut

233 869 356 935 semina
374 869 408 932 in
425 891 476 933 me
493 868 590 933 vestri
607 865 742 954 figentes
756 866 893 954 ingenii,
906 864 1034 954 frugem
1045 864 1131 933 illius
1144 866 1300 957 adpluri·

234 1009 304 1051 mos
321 985 553 1050 transmittatis.

281 1103 439 1168 Praeterea
461 1102 600 1191 scriptor
616 1102 723 1189 regius
738 1100 936 1167 Bertcaudus
956 1099 1076 1167 dicitur
1091 1104 1298 1192 antiquarum

236 1222 437 1298 litterarum,
455 1216 610 1283 duntaxat
625 1240 736 1282 earum
751 1240 823 1307 quae
839 1219 984 1284 maximae
1000 1232 1091 1297 sunt,
1108 1233 1140 1283 et
1157 1218 1300 1284 unciales

237 1362 255 1403 a
282 1334 476 1428 quibusdam
498 1335 607 1402 vocari
628 1335 871 1413 existimantur,
896 1335 1015 1400 habere
1036 1358 1219 1402 mensuram
1241 1336 1299 1402 de-

237 1455 403 1544 scriptam.
431 1452 543 1543 Itaque
569 1453 594 1516 si
617 1474 714 1542 penes
736 1474 792 1516 vos
810 1465 877 1530 est,
899 1452 1014 1517 mittite
1039 1453 1119 1518 mihi
1146 1476 1217 1519 eam
1244 1477 1301 1544 per

237 1576 340 1654 hunc,
358 1595 479 1662 queso,
497 1571 667 1661 pictorem,
680 1593 753 1636 cum
772 1566 921 1652 redierit,
935 1568 1088 1636 schedula
1106 1586 1212 1637 tamen
1229 1570 1305 1637 dili-

238 1691 424 1782 gentissime
441 1686 548 1777 sigillo
565 1688 702 1753 munita.

285 1806 336 1871 A.
355 1803 501 1871 Gellium
518 1804 692 1883 misissem,
711 1803 773 1868 nisi
790 1824 900 1868 rursus
926 1800 1019 1869 illum
1036 1801 1135 1869 abbas
1151 1807 1304 1870 retinuis-

239 1937 307 2002 set,
326 1937 456 2012 questus
472 1918 611 1987 necdum
627 1919 687 1985 sibi
704 1943 778 1985 eum
791 1941 857 1983 csse
875 1915 1084 2008 descriptum.
1101 1919 1305 2009 Scripturum

240 2062 273 2105 se
289 2052 396 2103 tamen
414 2035 506 2102 vobis
522 2035 621 2117 dixit,
639 2034 729 2126 quod
744 2033 911 2125 pressatum
925 2034 1044 2101 librum
1060 2037 1091 2101 vi
1106 2037 1186 2102 mihi
1200 2052 1307 2103 extor-

243 2155 334 2220 serit.
354 2154 476 2218 Verum
491 2168 523 2219 et
539 2150 630 2218 illum
647 2167 678 2218 et
694 2176 805 2218 omues
821 2167 952 2217 caeteros
966 2149 1085 2242 quibus
1101 2168 1205 2218 vestra
1221 2151 1306 2220 libe-

243 2273 369 2341 ralitate
387 2273 500 2356 fruor,
514 2299 570 2366 per
586 2298 656 2355 mc,
671 2275 697 2339 si
711 2277 798 2340 Deus
811 2273 898 2353 vult,
917 2274 1009 2340 vobis
1025 2277 1091 2365 ipse
1104 2276 1259 2341 restituet.

289 2389 410 2456 Abdita
426 2392 459 2456 in
477 2389 546 2481 lege
560 2405 592 2457 et
604 2392 741 2456 maxime
760 2390 872 2456 Graeca
888 2391 1039 2472 nomina,
1058 2405 1090 2456 et
1104 2390 1167 2456 alia
1179 2415 1217 2456 ex
1230 2391 1307 2457 Ser-

244 2511 299 2575 vio
317 2509 393 2574 item
410 2508 540 2588 Graeca,
555 2532 627 2599 quae
641 2507 733 2573 initio
756 2507 848 2572 robis
865 2504 987 2587 direxi,
1008 2507 1118 2572 saltem
1136 2532 1223 2572 nunc
1241 2508 1308 2572 uti-

247 2647 322 2689 nam
339 2647 379 2688 ne
396 2623 575 2712 gravemini
591 2622 773 2712 explanare.
792 2621 926 2701 Valeas,
945 2620 1119 2686 clarissime
1133 2635 1311 2712 preceptor

247 2757 279 2809 et
293 2757 385 2832 pater
399 2739 595 2821 dulcissime,
613 2741 837 2830 prosperisque
850 2752 1004 2828 perpetuo
1021 2735 1220 2803 successibus
1237 2735 1311 2828 pol-

248 2861 327 2928 leas.

752 2999 810 3056 VI.

290 3122 474 3182 EPISTOLA
498 3121 613 3180 CLERI
634 3118 863 3179 SENONENSIS
885 3118 935 3176 tn
959 3114 1199 3175 EINHARDUM
1219 3121 1229 3191 (
1250 3120 1271 3189 ).

296 3281 422 3369 Inclyto
443 3293 475 3345 et
500 3279 590 3344 omni
611 3276 778 3344 nobilitate
804 3275 958 3367 praeclaro
975 3272 1160 3354 Einhardo,
1182 3271 1316 3338 domino

253 3399 475 3477 sanctissimo,
490 3397 658 3463 Senonicae
670 3392 821 3462 Ecclesiae
836 3391 1020 3459 humillima
1033 3390 1175 3456 devotio.
1186 3390 1320 3454 —Praa

289 3684 328 3752 (ι)
347 3682 427 3736 Cette
438 3680 528 3746 lettre,
541 3679 651 3751 publie‘e
659 3696 731 3751 pour
741 3677 765 3732 la
776 3678 912 3749 premiere
926 3675 977 3729 lois
987 3692 1036 3746 par
1049 3670 1205 3732 Duchesne,
1217 3666 1320 3733 Script.

255 3799 310 3834 rer.
328 3779 430 3832 Frons.
449 3796 481 3844 n,
497 3776 563 3851 718,
579 3778 667 3848 parmi
681 3776 719 3830 les
734 3775 827 3830 lettres
840 3774 875 3827 de
888 3773 1047 3836 Frothaire‚
1066 3769 1169 3840 aveque
1183 3765 1218 3818 de
1231 3764 1254 3816 T
1257 3762 1320 3825 oul,

255 3889 283 3932 et
296 3877 404 3950 d'apris
415 3896 453 3930 un
466 3876 563 3929 ancien
578 3875 730 3928 manuscrit
742 3874 872 3927 conserve
886 3874 899 3924 l
913 3870 1059 3931 Chartres,
1074 3885 1089 3919 a
1103 3867 1147 3918 ete
1162 3856 1322 3933 reproduite

256 3995 307 4048 par
321 3974 481 4036 LeCointe,
497 3973 604 4026 Annal.
621 3973 717 4026 eccles.
733 3972 914 4034 Francorum,
929 3986 990 4033 vui,
1006 3984 1054 4039 γι,
1071 3981 1119 4036 par
1133 3962 1167 4015 Ι).
1183 3960 1322 4030 Bouquet,

259 4089 299 4136 vr,
309 4067 376 4142 593,
387 4079 415 4123 et
427 4068 502 4123 enlin
514 4087 564 4141 par
576 4067 759 4134 Weinclteus,
775 4066 953 4139 Egurlrumus
966 4064 1137 4125 illustratus,
1157 4059 1214 4121 114,
1229 4055 1278 4127 qui
1290 4052 1324 4106 l'a

259 4166 398 4233 intituler,
419 4170 432 4218 ἐι
454 4184 533 4218 cause
551 4164 589 4217 du
603 4163 705 4218 recueil
720 4163 785 4218 d’od
801 4161 853 4217 elle
866 4159 1022 4235 prosensit,
1039 4156 1171 4227 Epistola
1187 4149 1330 4208 Frollrarii
