3090 5302
696 396 826 458 NOEES.
1229 404 1288 467 ³85

559 565 627 607 nors
645 551 692 622 25,
714 566 782 609 rios
799 552 863 622 277,
881 567 911 607 κο
924 552 968 608 46.
1164 533 1169 542 ’

278 671 355 730 Saint
369 668 478 730 Marius
494 692 531 729 ou
543 670 633 730 Maris
645 715 653 743 ,
670 673 760 731 sainte
774 669 887 730 Marthe
901 693 931 730 sa
946 670 1050 731 lemme
1061 715 1070 744 ,
1083 674 1157 732 saint
1166 672 1290 735 'Auditax

236 790 266 836 et
281 778 354 836 saint
366 776 503 835 Habaouc
519 799 556 836 ou
569 778 715 838 Abachum
726 778 801 838 leurs
813 778 1039 852 eulants‚fi1rent
1050 780 1213 862 martyrisis
1227 801 1290 841 sous

237 886 280 944 les
304 884 449 944 deruiercs
470 883 575 947 anates
594 885 782 959 d’Aurelieu,
807 888 823 944 l
844 885 873 944 la
901 887 941 945 fin
963 887 1000 946 du
1023 899 1070 946 111⁶
1096 887 1191 946 siecle.
1216 887 1291 948 laeur

237 993 292 1054 lete
303 1015 333 1052 se
348 992 480 1052 celebrarit
490 992 561 1052 dans
570 992 702 1072 l’origiue
712 992 739 1050 le
751 995 792 1051 20
802 993 922 1070 janvier,
935 993 1000 1072 jour
1011 994 1047 1054 ‹le
1057 995 1119 1053 leur
1130 1007 1220 1067 mort;
1237 995 1291 1055 elle

236 1103 280 1162 lut
294 1102 421 1182 reportee
436 1124 472 1161 au
494 1100 545 1175 19,
559 1102 810 1182 posterieurement
822 1123 858 1159 au
870 1114 911 1161 rx·
925 1103 1030 1177 siecle,
1046 1108 1128 1184 apres
1143 1104 1229 1184 qu’on
1241 1117 1291 1164 eut

236 1209 319 1271 renni
334 1210 405 1269 dans
419 1232 457 1267 un
471 1213 563 1270 meme
576 1213 654 1269 office
668 1210 695 1268 la
707 1210 956 1269 commemoratiou
972 1209 1008 1269 de
1022 1213 1096 1271 saint
1106 1212 1252 1272 sebastien
1263 1227 1292 1286 et

237 1318 308 1376 celle
322 1317 358 1376 de
369 1319 442 1376 saint
455 1317 574 1389 Fabiam
590 1317 679 1376 saints
690 1316 729 1375 du
744 1318 784 1376 20
798 1317 921 1395 janvier.
938 1316 1024 1397 (Voy.
1041 1317 1155 1394 Baillet,
1172 1321 1209 1381 V
1204 1321 1230 1380 ia
1240 1320 1290 1381 des

234 1425 358 1497 Saints‚·
373 1425 457 1485 Janv.
474 1423 533 1485 498
548 1437 577 1483 et
593 1425 678 1498 513.)

554 1591 623 1633 nors
639 1577 690 1648 26,
707 1591 775 1634 rara
793 1577 862 1648 279,
879 1588 909 1633 rt⁰
925 1579 970 1633 47.

277 1698 322 1757 Εη
346 1696 406 1758 874
432 1697 773 1777 Louis-le-Germauique
800 1699 862 1757 vint
889 1718 986 1777 passer
1014 1698 1139 1778 quelque
1160 1705 1291 1780 tempsi

233 1804 436 1884 seligenstadt,
450 1818 478 1864 et
496 1828 526 1865 se
539 1805 633 1865 rendit
643 1805 753 1864 ensuite
768 1804 957 1879 aanclort,
967 1805 1004 1863 οὺ
1017 1805 1037 1863 il
1050 1808 1105 1864 tint
1118 1828 1175 1865 une
1186 1829 1292 1867 assem-

234 1912 300 1971 blee
327 1934 388 1974 vers
410 1915 438 1972 le
454 1927 696 1974 commeneement
716 1912 751 1972 de
771 1912 881 1971 ferrier.
900 1914 990 1993 Apris
1011 1914 1089 1971 avoir
1111 1914 1233 1973 termine
1251 1915 1292 1975 les

234 2022 349 2080 affaires
369 2018 404 2079 de
417 2006 517 2093 l'litat,
538 2020 559 2079 il
577 2020 729 2101 s'occupait
745 2019 781 2078 de
801 2039 845 2079 ses
864 2019 1032 2090 devotioris,
1047 2019 1174 2101 lorsqu’il
1186 2033 1235 2079 eut
1250 2043 1290 2080 un

235 2151 325 2210 songe
340 2152 394 2210 que
409 2129 594 2189 l’auteurdes
608 2129 732 2188 Annales
752 2127 787 2187 de
810 2128 901 2189 Fulde
920 2141 1035 2189 mconte
1055 2150 1091 2187 en
1105 2150 1151 2188 ces
1167 2143 1291 2190 termesz

234 2237 360 2294 -Vidit
371 2237 493 2316 quadam
507 2249 590 2296 noete
602 2238 630 2296 iu
646 2238 753 2296 somnis
761 2236 917 2317 genitorem
931 2259 1013 2295 suum
1026 2236 1227 2297 Hludowicum
1238 2240 1293 2298 im-

236 2356 415 2423 peratorem,
435 2346 464 2401 in
484 2345 623 2425 angustiis
648 2345 846 2415 constitutum,
865 2346 915 2424 qui
942 2366 1007 2403 eum
1030 2343 1083 2403 hoc
1101 2345 1186 2404 modo
1201 2345 1291 2407 latino

236 2454 337 2508 alianis
361 2462 404 2508 est
426 2470 582 2509 sermone:
606 2477 619 2502 a
638 2449 746 2526 Adiuro
760 2461 787 2505 te
804 2470 855 2526 per
868 2448 1023 2506 Dominum
1048 2460 1176 2506 nostrum
1192 2449 1289 2510 Jesum

238 2560 380 2618 Christum
398 2573 430 2617 ut
451 2580 496 2616 me
517 2557 621 2637 eripias
642 2557 678 2614 ab
700 2554 744 2613 his
763 2555 911 2612 tormentis
931 2554 1083 2633 inquibus
1103 2554 1242 2628 detineor,
1257 2570 1290 2615 ut

236 2668 352 2727 tandem
376 2664 531 2745 aliquando
552 2666 640 2724 vitam
672 2663 778 2742 possim
802 2662 906 2721 habere
932 2674 1076 2723 aternam.
1095 2688 1109 2716 a
1133 2662 1197 2723 Hac
1222 2685 1288 2745 ergo

236 2777 345 2836 visione
361 2774 538 2853 perterritus,
554 2769 687 2851 epistolas
698 2790 750 2848 per
759 2780 862 2828 cuncta
879 2770 959 2848 regni
977 2769 1022 2826 sui
1036 2772 1207 2830 monasteria
1221 2770 1288 2831 des—

235 2883 349 2953 tinavit,
368 2881 473 2940 obnixe
486 2878 631 2958 postulans
645 2889 678 2949 ut
695 2877 796 2937 nnimae
810 2877 840 2935 in
853 2877 1000 2935 tormentis
1015 2879 1124 2955 positae,
1140 2879 1198 2938 suis
1210 2881 1288 2958 apud

235 2992 329 3050 Deum
344 2988 475 3068 precibus
492 2987 707 3047 intervenirent.
723 2983 809 3043 Unde
823 2984 907 3044 datur
919 2983 1039 3065 intelligi
1053 2981 1143 3064 quod,
1158 2988 1288 3066 quamvis

235 3108 407 3156 memoratus
431 3098 584 3174 imperator
604 3093 693 3152 multa
719 3091 875 3151 laudabilia
896 3104 924 3151 et
952 3092 1014 3150 Deo
1035 3092 1138 3171 placita
1161 3091 1288 3167 iecisset,

235 3204 360 3283 plurima
377 3214 471 3259 tamen
488 3201 545 3281 lagi
564 3200 616 3258 Dei
637 3199 778 3258 contraria
797 3200 827 3258 in
841 3219 930 3278 reguo
949 3220 1000 3259 suo
1018 3199 1078 3258 lieri
1097 3200 1234 3279 permisit.
1259 3202 1288 3263 Si

235 3315 325 3380 enim,
346 3323 378 3368 ut
396 3322 492 3368 caetera
511 3308 651 3374 omittam,
667 3309 765 3368 haeresi
777 3306 979 3367 Nicolaitarum
995 3309 1114 3368 lirmiter
1128 3323 1156 3368 et
1169 3311 1290 3372 viriliter

236 3417 384 3476 restitisset
401 3428 429 3473 et
449 3415 554 3472 monita
569 3413 712 3473 Gabriclis
725 3412 917 3493 Archangeli,
933 3435 999 3497 quea
1012 3413 1182 3475 Einhardus
1200 3417 1290 3476 abbas

237 3525 385 3583 duodecim
405 3521 540 3604 capitulis
565 3521 762 3605 comprehensa
785 3522 812 3580 ci
829 3519 929 3580 obtulit
951 3522 1070 3605 legenda
1090 3539 1116 3583 et
1129 3526 1288 3600 facienda,

200 3628 204 3635 “
237 3632 385 3688 observare
406 3640 552 3697 curasset,
572 3626 688 3687 forsitan
710 3628 778 3687 talia
797 3651 853 3688 non
876 3641 1029 3708 pateretur.
1050 3633 1194 3708 (Annales
1215 3634 1290 3693 Ful·

237 3740 357 3810 dcnscs,
376 3738 413 3797 ad
425 3760 495 3796 ann.
511 3755 681 3809 naccum,
697 3736 768 3796 daus
779 3736 871 3817 Bouq.
885 3737 961 3807 vll,
977 3739 1066 3818 179.)

559 3900 628 3944 sorr
644 3889 690 3958 27,
707 3903 775 3945 raon
792 3890 861 3960 285,
878 3900 908 3945 κο
924 3891 969 3945 49.

279 4011 319 4069 Le
332 4007 458 4090 Niedgau
469 4008 583 4088 (Pagus
591 4008 734 4081 Nitensis,
747 4007 865 4080 Niteltc,
876 4009 913 4068 N
912 4007 1058 4091 chagene,
1068 4009 1211 4091 Nitigowc
1215 4056 1225 4083 ,
1235 4026 1288 4079 etc.

237 4118 439 4199 Nitaltgaowe,
459 4118 529 4177 dans
550 4117 577 4176 le
594 4118 749 4175 manuscrit
765 4117 801 4176 de
814 4116 920 4192 Melz),
939 4139 1010 4197 pays
1026 4118 1099 4176 situi
1113 4142 1151 4178 au
1171 4120 1244 4182 nortl
1256 4122 1291 4188 tle

313 4238 352 4283 11.
1099 4211 1143 4283 25
