3090 5302
235 508 293 567 374
462 503 643 565 HISTORIA
665 504 980 573 menstruum&
1002 524 1064 566 ure.

236 623 352 720 operis·
363 620 467 719 hujus
481 619 575 693 libro
587 620 748 693 crebram
759 621 906 694 fecimus
923 622 1162 707 mentionem,
1176 622 1284 696 lloma

235 738 400 823 verricus,
424 762 535 807 uuum
563 736 754 809 articulum
770 736 871 835 digiti
890 736 983 809 beati
1002 740 1181 811 llenuetis
1198 764 1285 813 mar·

236 854 325 953 tyris
336 878 404 951 pro
416 878 549 951 magno
560 854 665 927 uobis
678 880 827 929 munere
843 854 972 927 detulit
981 854 1049 950 (a).
1071 854 1189 945 Quem
1203 856 1286 927 acci·

234 970 392 1068 pientes,
408 969 548 1067 capsula
567 971 814 1058 reconditum,
832 972 867 1042 iu
886 970 1060 1067 superiori
1076 984 1179 1069 parte
1196 970 1286 1045 basi-

234 1087 337 1173 lieae,
360 1112 465 1184 supra
491 1086 606 1185 ipsum
632 1085 887 1160 occidentalem
917 1086 1074 1161 ecclesiae
1098 1088 1287 1161 introitum

233 1203 499 1279 collocavimus.
518 1204 567 1274 m
591 1203 721 1277 semina
747 1229 848 1301 quae,
870 1216 912 1275 ut
927 1202 1021 1290 dixi,
1039 1202 1179 1277 risione
1193 1201 1287 1277 diri·

236 1322 332 1393 nitus
355 1319 536 1395 admonita
561 1317 645 1391 illuc
670 1335 835 1407 venerut,
863 1335 900 1395 ct
913 1317 1054 1393 duobus
1065 1322 1143 1418 jam
1160 1320 1287 1393 exactis

234 1436 437 1525 mensibus,
456 1436 547 1508 nihil
571 1437 755 1534 promissae
775 1438 853 1535 opis
874 1433 940 1508 sibi
966 1434 1148 1509 advenisse
1171 1460 1288 1511 cerut-

234 1552 313 1642 bat,
333 1551 492 1626 delusam
516 1578 552 1625 se
569 1577 662 1625 rano
676 1552 818 1627 somnio
835 1552 1061 1639 existimaus,
1074 1551 1233 1625 reditum
1251 1552 1286 1625 iu

233 1669 384 1767 patriam
402 1667 565 1741 meditari
586 1668 711 1765 coepit.
737 1667 939 1767 statuitque
952 1691 1033 1739 eum
1051 1666 1287 1767 negotiatori-

234 1783 319 1874 bus,
339 1786 401 1885 qui
426 1812 463 1857 se
484 1784 718 1871 reducerent,
742 1799 783 1855 ut
808 1784 971 1881 proxima
985 1781 1190 1870 dominica,
1206 1808 1286 1883 quse

232 1902 363 2001 quinto
377 1902 607 1975 kalendarum
623 1900 880 1999 septembrium
893 1898 951 1973 die
965 1898 1073 1973 simul
1085 1926 1171 1973 cum
1188 1902 1287 1973 anni·

233 2018 386 2090 versoria
402 2018 513 2089 sancti
530 2018 707 2090 llennetis
723 2017 947 2091 solemnitate
962 2029 1039 2092 erat
1054 2014 1200 2107 sutura,
1223 2042 1287 2091 ιιι-

233 2158 315 2205 vem
330 2157 471 2220 eorum,
485 2132 523 2205 in
536 2133 721 2230 regionem
738 2157 835 2204 suam
852 2156 1051 2220 reversura,
1065 2130 1288 2207 conscende-

235 2262 303 2322 ret.
327 2248 478 2345 Jamque
505 2248 660 2321 instante
689 2262 814 2333 uocte,
843 2272 925 2347 quae
951 2246 1047 2322 diem
1071 2246 1287 2346 profectioni

233 2362 443 2438 condictum
456 2377 532 2437 erat
543 2364 619 2435 siue
630 2360 740 2436 dubio
757 2387 986 2462 praecessum,
999 2388 1083 2437 cum
1095 2386 1288 2439 nossecuu

235 2480 322 2554 dum
338 2480 652 2565 cousuetudinem,
672 2480 853 2579 completo
868 2479 1073 2553 nocturnali
1090 2480 1232 2570 officio,
1246 2478 1287 2555 ad

234 2596 489 2697 quiescendum
513 2596 698 2667 fuissemus
722 2598 869 2693 egressi,
895 2596 1033 2671 caetcris
1054 2596 1287 2685 exeuntibus,

235 2711 367 2786 semim
393 2710 451 2783 illa
470 2710 622 2783 introire
641 2712 783 2799 voleus,
807 2712 844 2783 in
871 2714 948 2811 ipso
969 2710 1094 2785 limine
1113 2712 1284 2789 consedit.

237 2824 362 2926 lbique
378 2850 500 2899 coram
513 2823 682 2899 omnibus
699 2838 847 2924 stupore
858 2826 1013 2926 quodam
1026 2850 1213 2925 oppressa,
1226 2854 1287 2927 pu·

236 2968 385 3041 rumper
404 2938 583 3028 obticuit;
608 2968 649 3014 ac
670 2940 797 3016 deinde
818 2958 1027 3041 erumpente
1053 2966 1098 3015 ex
1119 2942 1286 3019 omnibus

238 3056 370 3157 pedum
392 3056 572 3157 unguibus
596 3057 780 3157 aliquanto
804 3059 975 3158 sauguine
983 3111 994 3147 ,
1013 3060 1058 3131 ad
1072 3086 1111 3133 se
1125 3085 1284 3149 retusa,

237 3198 385 3245 manum
402 3170 713 3245 circumstantibus
723 3174 885 3271 porrexit
895 3228 906 3261 ,
918 3188 1106 3275 erectaque
1119 3174 1158 3249 in
1171 3174 1285 3275 pules,

237 3290 281 3361 ad
307 3288 536 3387 sepulchrum
560 3290 757 3386 Martyrum
773 3289 956 3365 ambulare
969 3290 1097 3390 eoepit.
1110 3292 1195 3389 Quo
1210 3318 1289 3365 cum

237 3407 472 3505 pervenisset,
499 3405 758 3480 adorationem
776 3432 897 3481 coram
914 3408 1015 3481 altari
1032 3410 1285 3507 prosternitur,

239 3523 361 3623 ibique
374 3522 508 3595 tamdiu
516 3524 642 3621 jacuit,
651 3523 883 3623 quoadusque
898 3522 1065 3624 hymnus,
1075 3548 1188 3626 quem
1195 3522 1289 3599 exul·

239 3641 391 3712 uuitium
405 3639 628 3739 simulatque
645 3640 855 3712 mirantium
874 3638 1071 3715 multitudo
1085 3642 1203 3715 Deum
1218 3640 1288 3713 lau·

238 3759 324 3829 dans
347 3756 573 3827 devotissime
590 3756 776 3847 cantabat,
792 3755 1045 3855 compleretur.
1064 3758 1149 3853 Quo
1164 3756 1288 3845 linito,

239 3900 318 3947 sana
344 3874 515 3961 surrexit,
534 3872 593 3945 sed
613 3873 650 3945 in
680 3874 831 3971 patriam
852 3872 1002 3947 ulterius
1022 3872 1142 3949 redire
1157 3874 1286 3949 noluit.

239 3990 368 4063 Merito
385 3989 495 4085 igitur
509 3989 722 4061 miraculum
732 3989 824 4062 istud
837 3988 1109 4065 beatollermeti
1121 3988 1289 4065 adscribi·

239 4171 465 4184 w—
485 4172 545 4185 *-
563 4174 737 4185 n———o—-u-n.
753 4174 1290 4189 --—--0—---——---—-—-——-··-

273 4272 311 4331 lut
326 4267 387 4321 l'id.
402 4286 487 4337 supr..
505 4282 535 4320 n··
548 4287 592 4337 qi.
608 4288 668 4340 pap¹
685 4268 743 4329 Tun.
