3090 5302
239 478 295 534 196
457 471 637 531 HISTORIA
660 471 980 543 Transcurrunt&
1004 492 1066 532 arc.

238 595 339 690 eique
357 589 391 661 id
409 589 451 660 de
468 616 542 688 quo
558 588 697 661 dicebat
710 590 914 663 ostenderet
925 619 1076 678 -nam‚
1097 593 1206 689 paulo
1219 607 1300 665 ante

235 734 342 808 quam
354 704 445 778 idem
456 704 646 806 presbyter
654 706 697 778 ad
708 733 789 779 eum
801 708 837 780 in
850 724 1014 807 cryptam
1024 707 1192 796 venisset,
1203 733 1300 807 repe·

236 826 282 896 rit
295 825 330 895 in
342 822 466 896 eodem
483 823 667 922 sepulcro,
689 823 725 895 in
744 850 818 922 quo
832 840 1037 896 sanctorum
1050 822 1251 896 Marcellini
1263 841 1298 899 et

234 940 330 1012 Petri
348 965 443 1010 sacra
464 964 616 1037 corpora
626 942 818 1037 jacuerunt
828 992 839 1026 ,
857 938 1020 1011 loramen
1036 938 1219 1039 quoddam
1245 962 1299 1011 ru·

234 1056 544 1148 tundiscliematis‚
555 1059 663 1129 trium
673 1055 784 1130 lerme
794 1055 1158 1156 pedumlongitudine
1168 1057 1301 1130 intror-

234 1201 293 1246 sus
302 1191 522 1262 excavatum,
535 1173 647 1274 pedali
662 1174 899 1274 amplitudine
911 1191 1035 1273 patens
1044 1230 1056 1263 ,
1068 1191 1102 1247 et
1119 1175 1157 1247 in
1170 1200 1215 1247 eo
1229 1174 1298 1246 mi-

235 1293 313 1364 nuti
330 1291 487 1391 pulveris
505 1318 579 1367 non
598 1291 771 1364 modicam
793 1292 1000 1389 portionem
1021 1292 1217 1391 repositam
1231 1336 1296 1378 -,

234 1412 349 1481 visum
358 1407 603 1496 estambobus,
614 1408 712 1508 quod
722 1407 955 1506 hicpulvisde
965 1433 1118 1508 corpore
1127 1405 1223 1482 beati
1232 1408 1297 1480 'li-

234 1526 362 1612 bnrtii,
374 1523 513 1598 ossibus
524 1524 606 1597 inde
616 1522 777 1613 sublatis,
797 1551 982 1598 remanere
992 1524 1168 1623 potuisset
1182 1522 1297 1598 :etob

235 1642 316 1730 hoc,
329 1659 369 1714 ut
385 1642 563 1714 difficilius
580 1643 819 1730 inveniretur,
837 1643 956 1716 medio
969 1642 1050 1715 loco
1063 1642 1159 1714 inter
1177 1639 1297 1715 beans

234 1758 482 1831 Marcellinum
496 1774 531 1832 et
542 1760 703 1849 Petrum,
717 1759 753 1829 in
768 1757 890 1831 eadem
899 1756 1036 1844 tumba,
1049 1757 1176 1831 suisset
1189 1783 1297 1856 repo-

233 1877 322 1946 situs
340 1877 605 1975 :convenitque
625 1877 719 1947 inter
734 1902 795 1948 eos
816 1891 854 1946 nt
870 1903 952 1948 eum
967 1873 1157 1976 presbyter
1176 1900 1296 1946 sume·

235 2007 307 2075 ret,
328 2005 362 2062 et
383 2016 449 2090 pro
464 1989 623 2089 reliquiis
640 1988 733 2061 beati
753 1990 910 2061 Tibur-tii
929 2015 1048 2061 secum
1064 1988 1236 2062 deferret.

284 2815 337 2881 ll.
356 2808 418 2879 His
444 2809 489 2878 ita
512 2805 695 2878 transactis
713 2820 821 2904 atque
845 2804 1045 2904 dispositis,
1064 2832 1147 2878 cum
1168 2805 1293 2896 rebus,

233 2954 321 3031 quas
345 2941 577 3026 repererunt,
604 2925 648 2995 ad
671 2925 822 3022 hospitia
846 2951 906 2994 sua
930 2925 1062 2997 reversi
1088 2941 1186 2997 sunt.
1214 2926 1297 2999 Post

235 3045 311 3117 haec
324 3043 516 3128 llatleicus,
537 3069 619 3114 cum
639 3040 778 3141 hospite
792 3069 857 3114 suo
876 3042 1036 3131 locutus,
1056 3061 1160 3143 rogat
1173 3059 1213 3116 ut
1230 3043 1296 3116 sibi

235 3186 352 3233 sacros
366 3159 458 3232 beati
475 3158 672 3231 Marcellini
691 3159 847 3245 cineres,
867 3183 958 3259 quos
975 3159 1007 3232 ei
1027 3157 1070 3231 ad
1083 3158 1298 3233 servandum

235 3276 565 3363 commendaverat,
586 3275 727 3363 reddat,
744 3304 851 3378 seque
868 3278 904 3349 in
923 3279 1074 3377 patriam
1094 3278 1214 3352 redire
1231 3304 1298 3353 vo-

234 3397 368 3468 lentem
384 3394 480 3465 nulla
495 3420 571 3467 non
586 3395 776 3466 necessaria
789 3394 961 3468 dilatione
973 3393 1144 3469 detineat.
1159 3395 1224 3469 cai
1240 3394 1297 3469 illc

234 3539 308 3584 non
323 3512 440 3584 solum
455 3511 553 3612 quod
571 3510 754 3612 repetebat
771 3513 847 3586 siue
861 3538 959 3587 mora
977 3515 1153 3604 restituit,
1172 3540 1297 3591 verum

234 3632 341 3703 etiam
352 3628 613 3701 desanctorum
629 3629 803 3729 reliquiis,
823 3631 859 3701 in
875 3656 944 3701 una
962 3632 1110 3730 ligatura
1123 3632 1296 3715 collectis.

234 3747 327 3819 haud
345 3770 489 3846 parvam
505 3747 713 3844 portionem
732 3745 819 3817 mihi
838 3745 1065 3820 deferendam
1081 3747 1218 3822 obtulit
1235 3780 1245 3820 z
1262 3762 1297 3821 et

235 3865 428 3965 requisitus
440 3863 484 3936 de
499 3860 707 3937 nominibus
720 3889 860 3951 eorum,
876 3864 964 3936 mihi
978 3864 1083 3937 scilla
1097 3864 1294 3953 dicturum,

234 3981 379 4083 quando
397 3981 439 4052 ad
458 4007 514 4053 me
533 3981 705 4066 venisset,
730 3980 928 4080 respondit.
948 3981 1094 4055 Monuit
1119 3999 1238 4057 tamen
1257 3996 1297 4055 ut

235 4100 355 4171 eadem
374 4099 619 4184 veneratione,
633 4123 703 4196 qua
723 4112 851 4171 ceterae
868 4114 1075 4173 sanctorum
1094 4099 1295 4202 Martyrum

237 4216 396 4317 reliquiae
414 4216 632 4302 colerentur,
651 4216 803 4316 eoquod
818 4242 892 4288 non
906 4217 1060 4291 minoris
1074 4216 1170 4317 apud
1185 4216 1295 4293 Betim
