<?xml version="1.0" encoding="UTF-8"?>
<!DOCTYPE html PUBLIC "-//W3C//DTD XHTML 1.0 Transitional//EN"
    "http://www.w3.org/TR/xhtml1/DTD/xhtml1-transitional.dtd">
<html xmlns="http://www.w3.org/1999/xhtml" xml:lang="en" lang="en">
 <head>
  <title>
</title>
<meta http-equiv="Content-Type" content="text/html;charset=utf-8" />
  <meta name='ocr-system' content='tesseract 3.04.00' />
  <meta name='ocr-capabilities' content='ocr_page ocr_carea ocr_par ocr_line ocrx_word'/>
</head>
<body>
  <div class='ocr_page' id='page_1' title='image "./einhardiomniaqu00einhgoog_0095.png"; bbox 0 0 3090 5302; ppageno 0'>
   <div class='ocr_carea' id='block_1_1' title="bbox 231 392 1302 627">
    <p class='ocr_par' dir='ltr' id='par_1_1' title="bbox 231 392 1302 627">
     <span class='ocr_line' id='line_1_1' title="bbox 231 392 974 468; baseline -0.011 0"><span class='ocrx_word' id='word_1_1' title='bbox 231 411 270 468; x_wconf 88' lang='lat'>78</span> <span class='ocrx_word' id='word_1_2' title='bbox 554 399 747 462; x_wconf 74' lang='lat' dir='ltr'>Ellttltltltl</span> <span class='ocrx_word' id='word_1_3' title='bbox 768 392 974 461; x_wconf 75' lang='lat' dir='ltr'>BPlS&#39;lOLAE.</span> 
     </span>
     <span class='ocr_line' id='line_1_2' title="bbox 232 516 1302 627; baseline -0.002 -30"><span class='ocrx_word' id='word_1_4' title='bbox 232 551 301 627; x_wconf 85' lang='lat' dir='ltr'>pro</span> <span class='ocrx_word' id='word_1_5' title='bbox 315 520 420 597; x_wconf 82' lang='lat' dir='ltr'>vobis</span> <span class='ocrx_word' id='word_1_6' title='bbox 436 519 531 620; x_wconf 86' lang='lat' dir='ltr'>apud</span> <span class='ocrx_word' id='word_1_7' title='bbox 546 519 663 594; x_wconf 87' lang='lat' dir='ltr'>Deum</span> <span class='ocrx_word' id='word_1_8' title='bbox 688 517 909 594; x_wconf 76' lang='lat' dir='ltr'>intercedere</span> <span class='ocrx_word' id='word_1_9' title='bbox 929 516 1084 593; x_wconf 89' lang='lat' dir='ltr'>debeant</span> <span class='ocrx_word' id='word_1_10' title='bbox 1097 519 1176 620; x_wconf 84' lang='grc' dir='ltr'>(ι),</span> <span class='ocrx_word' id='word_1_11' title='bbox 1190 520 1219 591; x_wconf 81' lang='lat' dir='ltr'>si</span> <span class='ocrx_word' id='word_1_12' title='bbox 1237 544 1302 595; x_wconf 80' lang='lat' dir='ltr'>eo-</span> 
     </span>
    </p>
   </div>
   <div class='ocr_carea' id='block_1_2' title="bbox 232 636 1305 1090">
    <p class='ocr_par' dir='ltr' id='par_1_2' title="bbox 232 636 1305 1090">
     <span class='ocr_line' id='line_1_3' title="bbox 232 636 1302 738; baseline -0.002 -24"><span class='ocrx_word' id='word_1_13' title='bbox 232 669 315 714; x_wconf 85' lang='lat' dir='ltr'>rum</span> <span class='ocrx_word' id='word_1_14' title='bbox 340 639 527 713; x_wconf 80' lang='lat' dir='ltr'>servitium</span> <span class='ocrx_word' id='word_1_15' title='bbox 551 651 672 712; x_wconf 79' lang='lat' dir='ltr'>vestro</span> <span class='ocrx_word' id='word_1_16' title='bbox 691 636 838 712; x_wconf 81' lang='lat' dir='ltr'>servitio</span> <span class='ocrx_word' id='word_1_17' title='bbox 855 638 910 736; x_wconf 88' lang='lat'>(2)</span> <span class='ocrx_word' id='word_1_18' title='bbox 933 651 1154 738; x_wconf 74' lang='lat' dir='ltr'><strong>anteponere</strong></span> <span class='ocrx_word' id='word_1_19' title='bbox 1169 637 1302 712; x_wconf 84' lang='lat' dir='ltr'>volue-</span> 
     </span>
     <span class='ocr_line' id='line_1_4' title="bbox 232 753 1304 856; baseline -0.003 -25"><span class='ocrx_word' id='word_1_20' title='bbox 232 760 327 832; x_wconf 81' lang='lat' dir='ltr'><strong>ritis.</strong></span> <span class='ocrx_word' id='word_1_21' title='bbox 342 757 436 830; x_wconf 88' lang='lat' dir='ltr'>Nam</span> <span class='ocrx_word' id='word_1_22' title='bbox 451 780 518 854; x_wconf 80' lang='lat' dir='ltr'>ego</span> <span class='ocrx_word' id='word_1_23' title='bbox 532 755 570 828; x_wconf 89' lang='lat' dir='ltr'>in</span> <span class='ocrx_word' id='word_1_24' title='bbox 583 755 688 832; x_wconf 87' lang='lat' dir='ltr'>nullo</span> <span class='ocrx_word' id='word_1_25' title='bbox 700 753 772 830; x_wconf 86' lang='lat' dir='ltr'>alio</span> <span class='ocrx_word' id='word_1_26' title='bbox 789 754 871 830; x_wconf 83' lang='lat' dir='ltr'>loco</span> <span class='ocrx_word' id='word_1_27' title='bbox 887 755 990 856; x_wconf 82' lang='lat' dir='ltr'>regni</span> <span class='ocrx_word' id='word_1_28' title='bbox 1002 755 1113 828; x_wconf 72' lang='lat' dir='ltr'>ventri</span> <span class='ocrx_word' id='word_1_29' title='bbox 1127 756 1304 854; x_wconf 79' lang='lat' dir='ltr'>majorem</span> 
     </span>
     <span class='ocr_line' id='line_1_5' title="bbox 233 870 1305 977; baseline -0.005 -28"><span class='ocrx_word' id='word_1_30' title='bbox 233 873 438 977; x_wconf 80' lang='lat' dir='ltr'>proiectum</span> <span class='ocrx_word' id='word_1_31' title='bbox 458 871 564 948; x_wconf 80' lang='lat' dir='ltr'>vobis</span> <span class='ocrx_word' id='word_1_32' title='bbox 587 872 705 948; x_wconf 78' lang='lat' dir='ltr'>laneae</span> <span class='ocrx_word' id='word_1_33' title='bbox 728 899 895 974; x_wconf 82' lang='lat' dir='ltr'>possum,</span> <span class='ocrx_word' id='word_1_34' title='bbox 913 898 1025 974; x_wconf 79' lang='lat' dir='ltr'>quam</span> <span class='ocrx_word' id='word_1_35' title='bbox 1041 870 1117 962; x_wconf 85' lang='lat' dir='ltr'>ibi,</span> <span class='ocrx_word' id='word_1_36' title='bbox 1136 872 1166 945; x_wconf 79' lang='lat' dir='ltr'>si</span> <span class='ocrx_word' id='word_1_37' title='bbox 1185 896 1246 947; x_wconf 83' lang='lat' dir='ltr'>me</span> <span class='ocrx_word' id='word_1_38' title='bbox 1260 870 1305 944; x_wconf 68' lang='lat' dir='ltr'>nl</span> 
     </span>
     <span class='ocr_line' id='line_1_6' title="bbox 236 989 698 1090; baseline -0.011 -23"><span class='ocrx_word' id='word_1_39' title='bbox 236 992 304 1067; x_wconf 85' lang='lat' dir='ltr'>hoe</span> <span class='ocrx_word' id='word_1_40' title='bbox 317 989 484 1090; x_wconf 76' lang='lat' dir='ltr'>adjuvare</span> <span class='ocrx_word' id='word_1_41' title='bbox 497 991 698 1066; x_wconf 74' lang='lat' dir='ltr'>volueritis.</span> 
     </span>
    </p>
   </div>
   <div class='ocr_carea' id='block_1_3' title="bbox 518 1223 1019 1288">
    <p class='ocr_par' dir='ltr' id='par_1_3' title="bbox 518 1223 1019 1288">
     <span class='ocr_line' id='line_1_7' title="bbox 518 1223 1019 1288; baseline -0.004 -2"><span class='ocrx_word' id='word_1_42' title='bbox 518 1224 630 1287; x_wconf 79' lang='lat' dir='ltr'>XLlll.</span> <span class='ocrx_word' id='word_1_43' title='bbox 653 1226 704 1287; x_wconf 80' lang='lat' dir='ltr'>AD</span> <span class='ocrx_word' id='word_1_44' title='bbox 724 1226 762 1288; x_wconf 81' lang='lat' dir='ltr'>ll.</span> <span class='ocrx_word' id='word_1_45' title='bbox 787 1223 1019 1288; x_wconf 71' lang='lat' dir='ltr'>nelscoeuu.</span> 
     </span>
    </p>
   </div>
   <div class='ocr_carea' id='block_1_4' title="bbox 236 1382 1318 2660">
    <p class='ocr_par' dir='ltr' id='par_1_4' title="bbox 236 1382 1318 2660">
     <span class='ocr_line' id='line_1_8' title="bbox 283 1382 1310 1462; baseline 0 0"><span class='ocrx_word' id='word_1_46' title='bbox 283 1388 445 1462; x_wconf 88' lang='lat' dir='ltr'>Domino</span> <span class='ocrx_word' id='word_1_47' title='bbox 462 1401 588 1462; x_wconf 83' lang='lat' dir='ltr'>sancto</span> <span class='ocrx_word' id='word_1_48' title='bbox 606 1402 642 1460; x_wconf 84' lang='lat' dir='ltr'>et</span> <span class='ocrx_word' id='word_1_49' title='bbox 659 1386 792 1460; x_wconf 81' lang='lat' dir='ltr'>merito</span> <span class='ocrx_word' id='word_1_50' title='bbox 808 1382 1004 1459; x_wconf 83' lang='lat' dir='ltr'>venerabili</span> <span class='ocrx_word' id='word_1_51' title='bbox 1022 1385 1070 1459; x_wconf 85' lang='lat' dir='ltr'>N.</span> <span class='ocrx_word' id='word_1_52' title='bbox 1087 1386 1310 1462; x_wconf 80' lang='lat' dir='ltr'>reverentia-</span> 
     </span>
     <span class='ocr_line' id='line_1_9' title="bbox 236 1501 1310 1606; baseline -0.002 -27"><span class='ocrx_word' id='word_1_53' title='bbox 236 1507 329 1581; x_wconf 85' lang='lat' dir='ltr'>simo</span> <span class='ocrx_word' id='word_1_54' title='bbox 346 1505 538 1606; x_wconf 84' lang='lat' dir='ltr'>episcopo,</span> <span class='ocrx_word' id='word_1_55' title='bbox 559 1501 764 1576; x_wconf 75' lang='lat' dir='ltr'>Einhardns</span> <span class='ocrx_word' id='word_1_56' title='bbox 790 1517 969 1602; x_wconf 83' lang='lat' dir='ltr'>peccator.</span> <span class='ocrx_word' id='word_1_57' title='bbox 987 1545 1038 1560; x_wconf 90' lang='lat'>—</span> <span class='ocrx_word' id='word_1_58' title='bbox 1053 1501 1310 1603; x_wconf 74' lang='lat' dir='ltr'>omnipotenti</span> 
     </span>
     <span class='ocr_line' id='line_1_10' title="bbox 239 1617 1312 1723; baseline -0.003 -24"><span class='ocrx_word' id='word_1_59' title='bbox 239 1625 316 1699; x_wconf 85' lang='lat' dir='ltr'>Deo</span> <span class='ocrx_word' id='word_1_60' title='bbox 343 1636 381 1698; x_wconf 87' lang='lat' dir='ltr'>et</span> <span class='ocrx_word' id='word_1_61' title='bbox 405 1622 564 1697; x_wconf 85' lang='lat' dir='ltr'>Domino</span> <span class='ocrx_word' id='word_1_62' title='bbox 597 1635 726 1695; x_wconf 86' lang='lat' dir='ltr'>nostro</span> <span class='ocrx_word' id='word_1_63' title='bbox 752 1619 836 1694; x_wconf 83' lang='lat' dir='ltr'>Jesu</span> <span class='ocrx_word' id='word_1_64' title='bbox 857 1617 1004 1696; x_wconf 82' lang='lat' dir='ltr'>Christo</span> <span class='ocrx_word' id='word_1_65' title='bbox 1029 1634 1181 1723; x_wconf 80' lang='lat' dir='ltr'>quantas</span> <span class='ocrx_word' id='word_1_66' title='bbox 1207 1620 1312 1696; x_wconf 83' lang='lat' dir='ltr'>valeo</span> 
     </span>
     <span class='ocr_line' id='line_1_11' title="bbox 237 1734 1313 1842; baseline 0.004 -29"><span class='ocrx_word' id='word_1_67' title='bbox 237 1740 367 1842; x_wconf 76' lang='lat' dir='ltr'>gratias</span> <span class='ocrx_word' id='word_1_68' title='bbox 385 1765 488 1842; x_wconf 68' lang='lat' dir='ltr'>agene</span> <span class='ocrx_word' id='word_1_69' title='bbox 504 1763 582 1812; x_wconf 90' lang='lat' dir='ltr'>non</span> <span class='ocrx_word' id='word_1_70' title='bbox 600 1762 698 1812; x_wconf 85' lang='lat' dir='ltr'>cesso</span> <span class='ocrx_word' id='word_1_71' title='bbox 707 1791 720 1827; x_wconf 92' lang='lat'><em>,</em></span> <span class='ocrx_word' id='word_1_72' title='bbox 735 1736 819 1837; x_wconf 88' lang='lat' dir='ltr'>quia</span> <span class='ocrx_word' id='word_1_73' title='bbox 835 1734 1136 1837; x_wconf 77' lang='lat' dir='ltr'>gloriosissimum</span> <span class='ocrx_word' id='word_1_74' title='bbox 1147 1752 1217 1812; x_wconf 82' lang='lat' dir='ltr'>eta</span> <span class='ocrx_word' id='word_1_75' title='bbox 1233 1734 1313 1817; x_wconf 74' lang='lat' dir='ltr'>neo</span> 
     </span>
     <span class='ocr_line' id='line_1_12' title="bbox 239 1851 1314 1955; baseline -0.005 -23"><span class='ocrx_word' id='word_1_76' title='bbox 239 1869 509 1943; x_wconf 72' lang='lat' dir='ltr'>conservatum,</span> <span class='ocrx_word' id='word_1_77' title='bbox 534 1851 789 1955; x_wconf 80' lang='lat' dir='ltr'>semper[que]</span> <span class='ocrx_word' id='word_1_78' title='bbox 812 1852 1100 1927; x_wconf 80' lang='lat' dir='ltr'>conservandum</span> <span class='ocrx_word' id='word_1_79' title='bbox 1119 1851 1314 1930; x_wconf 88' lang='lat' dir='ltr'>dominnm</span> 
     </span>
     <span class='ocr_line' id='line_1_13' title="bbox 240 1967 1312 2070; baseline -0.002 -23"><span class='ocrx_word' id='word_1_80' title='bbox 240 1998 362 2048; x_wconf 89' lang='lat' dir='ltr'>meum</span> <span class='ocrx_word' id='word_1_81' title='bbox 372 1971 579 2046; x_wconf 82' lang='lat' dir='ltr'>lllotarium</span> <span class='ocrx_word' id='word_1_82' title='bbox 592 1970 648 2068; x_wconf 77' lang='grc' dir='ltr'>(ὅ)</span> <span class='ocrx_word' id='word_1_83' title='bbox 665 1983 855 2070; x_wconf 81' lang='lat' dir='ltr'>augustum</span> <span class='ocrx_word' id='word_1_84' title='bbox 872 1968 1009 2043; x_wconf 86' lang='lat' dir='ltr'>salvum</span> <span class='ocrx_word' id='word_1_85' title='bbox 1022 1986 1059 2044; x_wconf 85' lang='lat' dir='ltr'>et</span> <span class='ocrx_word' id='word_1_86' title='bbox 1075 1967 1312 2060; x_wconf 81' lang='lat' dir='ltr'>incolumem,</span> 
     </span>
     <span class='ocr_line' id='line_1_14' title="bbox 240 2085 1316 2179; baseline -0.001 -15"><span class='ocrx_word' id='word_1_87' title='bbox 240 2118 282 2164; x_wconf 85' lang='lat' dir='ltr'>ac</span> <span class='ocrx_word' id='word_1_88' title='bbox 298 2104 347 2177; x_wconf 75' lang='lat' dir='ltr'>te,</span> <span class='ocrx_word' id='word_1_89' title='bbox 361 2087 451 2161; x_wconf 91' lang='lat' dir='ltr'>mihi</span> <span class='ocrx_word' id='word_1_90' title='bbox 465 2087 703 2179; x_wconf 75' lang='lat' dir='ltr'>carissimum,</span> <span class='ocrx_word' id='word_1_91' title='bbox 717 2111 789 2160; x_wconf 88' lang='lat' dir='ltr'>una</span> <span class='ocrx_word' id='word_1_92' title='bbox 807 2111 890 2160; x_wconf 88' lang='lat' dir='ltr'>cum</span> <span class='ocrx_word' id='word_1_93' title='bbox 907 2085 985 2177; x_wconf 88' lang='lat' dir='ltr'>illo,</span> <span class='ocrx_word' id='word_1_94' title='bbox 1002 2085 1048 2162; x_wconf 88' lang='lat' dir='ltr'>de</span> <span class='ocrx_word' id='word_1_95' title='bbox 1063 2088 1164 2162; x_wconf 81' lang='lat' dir='ltr'>ltalia</span> <span class='ocrx_word' id='word_1_96' title='bbox 1175 2088 1316 2163; x_wconf 70' lang='lat' dir='ltr'>venisse</span> 
     </span>
     <span class='ocr_line' id='line_1_15' title="bbox 241 2202 1317 2309; baseline -0.001 -29"><span class='ocrx_word' id='word_1_97' title='bbox 241 2207 396 2309; x_wconf 82' lang='lat' dir='ltr'>cognovi</span> <span class='ocrx_word' id='word_1_98' title='bbox 413 2234 422 2277; x_wconf 91' lang='lat'>:</span> <span class='ocrx_word' id='word_1_99' title='bbox 439 2220 476 2279; x_wconf 85' lang='lat' dir='ltr'>et</span> <span class='ocrx_word' id='word_1_100' title='bbox 490 2220 580 2305; x_wconf 89' lang='lat' dir='ltr'>opto</span> <span class='ocrx_word' id='word_1_101' title='bbox 602 2221 711 2305; x_wconf 85' lang='lat' dir='ltr'>atque</span> <span class='ocrx_word' id='word_1_102' title='bbox 727 2229 795 2279; x_wconf 89' lang='lat' dir='ltr'>oro</span> <span class='ocrx_word' id='word_1_103' title='bbox 816 2219 859 2278; x_wconf 90' lang='lat' dir='ltr'>ut</span> <span class='ocrx_word' id='word_1_104' title='bbox 877 2202 938 2279; x_wconf 87' lang='lat' dir='ltr'>ille</span> <span class='ocrx_word' id='word_1_105' title='bbox 953 2231 1012 2280; x_wconf 85' lang='lat' dir='ltr'>me</span> <span class='ocrx_word' id='word_1_106' title='bbox 1028 2206 1104 2280; x_wconf 90' lang='lat' dir='ltr'>cito</span> <span class='ocrx_word' id='word_1_107' title='bbox 1125 2205 1317 2308; x_wconf 82' lang='lat' dir='ltr'>permittat</span> 
     </span>
     <span class='ocr_line' id='line_1_16' title="bbox 243 2322 1316 2424; baseline 0 -25"><span class='ocrx_word' id='word_1_108' title='bbox 243 2327 308 2400; x_wconf 93' lang='lat' dir='ltr'>illo</span> <span class='ocrx_word' id='word_1_109' title='bbox 320 2324 459 2413; x_wconf 77' lang='lat' dir='ltr'>venire,</span> <span class='ocrx_word' id='word_1_110' title='bbox 474 2322 537 2397; x_wconf 87' lang='lat' dir='ltr'>nbi</span> <span class='ocrx_word' id='word_1_111' title='bbox 551 2339 668 2398; x_wconf 81' lang='lat' dir='ltr'>vestra</span> <span class='ocrx_word' id='word_1_112' title='bbox 683 2323 863 2424; x_wconf 79' lang='lat' dir='ltr'>corporali</span> <span class='ocrx_word' id='word_1_113' title='bbox 880 2325 1069 2423; x_wconf 81' lang='lat' dir='ltr'>praesentia</span> <span class='ocrx_word' id='word_1_114' title='bbox 1085 2322 1224 2424; x_wconf 81' lang='lat' dir='ltr'>perfrui</span> <span class='ocrx_word' id='word_1_115' title='bbox 1236 2350 1316 2399; x_wconf 86' lang='lat' dir='ltr'>me-</span> 
     </span>
     <span class='ocr_line' id='line_1_17' title="bbox 243 2440 1316 2540; baseline -0.004 -22"><span class='ocrx_word' id='word_1_116' title='bbox 243 2469 336 2518; x_wconf 81' lang='lat' dir='ltr'>rear.</span> <span class='ocrx_word' id='word_1_117' title='bbox 349 2442 486 2515; x_wconf 84' lang='lat' dir='ltr'>Tamen</span> <span class='ocrx_word' id='word_1_118' title='bbox 499 2440 648 2515; x_wconf 86' lang='lat' dir='ltr'>interim</span> <span class='ocrx_word' id='word_1_119' title='bbox 664 2441 878 2540; x_wconf 80' lang='lat' dir='ltr'>parvitatem</span> <span class='ocrx_word' id='word_1_120' title='bbox 893 2464 1011 2514; x_wconf 83' lang='lat' dir='ltr'>meam</span> <span class='ocrx_word' id='word_1_121' title='bbox 1022 2457 1096 2515; x_wconf 81' lang='lat' dir='ltr'>tuae</span> <span class='ocrx_word' id='word_1_122' title='bbox 1109 2441 1316 2532; x_wconf 78' lang='lat' dir='ltr'>caritati,ac</span> 
     </span>
     <span class='ocr_line' id='line_1_18' title="bbox 244 2557 1318 2660; baseline -0.002 -26"><span class='ocrx_word' id='word_1_123' title='bbox 244 2575 350 2660; x_wconf 75' lang='lat' dir='ltr'>perte</span> <span class='ocrx_word' id='word_1_124' title='bbox 357 2558 452 2632; x_wconf 79' lang='lat' dir='ltr'>illius</span> <span class='ocrx_word' id='word_1_125' title='bbox 461 2558 602 2658; x_wconf 89' lang='lat' dir='ltr'>pietati,</span> <span class='ocrx_word' id='word_1_126' title='bbox 612 2557 843 2653; x_wconf 85' lang='lat' dir='ltr'>commendo,</span> <span class='ocrx_word' id='word_1_127' title='bbox 851 2584 893 2633; x_wconf 88' lang='lat' dir='ltr'>ac</span> <span class='ocrx_word' id='word_1_128' title='bbox 900 2558 1173 2660; x_wconf 80' lang='lat' dir='ltr'>deprecorutex</span> <span class='ocrx_word' id='word_1_129' title='bbox 1180 2558 1318 2632; x_wconf 73' lang='lat' dir='ltr'>nullius</span> 
     </span>
    </p>
   </div>
   <div class='ocr_carea' id='block_1_5' title="bbox 245 2676 1322 3487">
    <p class='ocr_par' dir='ltr' id='par_1_5' title="bbox 245 2676 1322 3487">
     <span class='ocr_line' id='line_1_19' title="bbox 245 2676 1316 2781; baseline 0.002 -31"><span class='ocrx_word' id='word_1_130' title='bbox 245 2678 475 2780; x_wconf 78' lang='lat' dir='ltr'>persuasione</span> <span class='ocrx_word' id='word_1_131' title='bbox 483 2677 621 2751; x_wconf 80' lang='lat' dir='ltr'>sinistri</span> <span class='ocrx_word' id='word_1_132' title='bbox 633 2676 769 2781; x_wconf 82' lang='lat' dir='ltr'>aliquid</span> <span class='ocrx_word' id='word_1_133' title='bbox 779 2676 823 2752; x_wconf 86' lang='lat' dir='ltr'>(le</span> <span class='ocrx_word' id='word_1_134' title='bbox 836 2702 914 2753; x_wconf 87' lang='lat' dir='ltr'>mea</span> <span class='ocrx_word' id='word_1_135' title='bbox 931 2678 1131 2780; x_wconf 70' lang='lat' dir='ltr'>pusillitate</span> <span class='ocrx_word' id='word_1_136' title='bbox 1144 2677 1316 2781; x_wconf 71' lang='lat' dir='ltr'>auspicari</span> 
     </span>
     <span class='ocr_line' id='line_1_20' title="bbox 245 2794 1319 2900; baseline -0.001 -30"><span class='ocrx_word' id='word_1_137' title='bbox 245 2796 604 2899; x_wconf 74' lang='lat' dir='ltr'>dignemini.&#39;l&#39;est0r</span> <span class='ocrx_word' id='word_1_138' title='bbox 619 2796 735 2871; x_wconf 86' lang='lat' dir='ltr'>Deum</span> <span class='ocrx_word' id='word_1_139' title='bbox 749 2811 786 2871; x_wconf 86' lang='lat' dir='ltr'>et</span> <span class='ocrx_word' id='word_1_140' title='bbox 800 2813 943 2873; x_wconf 84' lang='lat' dir='ltr'>sanctos</span> <span class='ocrx_word' id='word_1_141' title='bbox 957 2813 1136 2900; x_wconf 75' lang='lat' dir='ltr'>martyms</span> <span class='ocrx_word' id='word_1_142' title='bbox 1142 2794 1319 2872; x_wconf 81' lang='lat' dir='ltr'>Marcelli·</span> 
     </span>
     <span class='ocr_line' id='line_1_21' title="bbox 248 2912 1318 3016; baseline 0.002 -28"><span class='ocrx_word' id='word_1_143' title='bbox 248 2941 338 2989; x_wconf 88' lang='lat' dir='ltr'>num</span> <span class='ocrx_word' id='word_1_144' title='bbox 357 2941 399 2988; x_wconf 84' lang='lat' dir='ltr'>ae</span> <span class='ocrx_word' id='word_1_145' title='bbox 415 2915 585 3004; x_wconf 85' lang='lat' dir='ltr'>Petrum,</span> <span class='ocrx_word' id='word_1_146' title='bbox 607 2912 708 3015; x_wconf 88' lang='lat' dir='ltr'>quod</span> <span class='ocrx_word' id='word_1_147' title='bbox 731 2940 892 2989; x_wconf 86' lang='lat' dir='ltr'>amorem</span> <span class='ocrx_word' id='word_1_148' title='bbox 914 2930 951 2990; x_wconf 87' lang='lat' dir='ltr'>et</span> <span class='ocrx_word' id='word_1_149' title='bbox 973 2913 1226 3004; x_wconf 77' lang='lat' dir='ltr'>devotionem,</span> <span class='ocrx_word' id='word_1_150' title='bbox 1246 2939 1318 3016; x_wconf 78' lang='lat' dir='ltr'>qua</span> 
     </span>
     <span class='ocr_line' id='line_1_22' title="bbox 249 3029 1320 3133; baseline 0.002 -29"><span class='ocrx_word' id='word_1_151' title='bbox 249 3058 331 3132; x_wconf 80' lang='lat' dir='ltr'>erga</span> <span class='ocrx_word' id='word_1_152' title='bbox 344 3056 409 3107; x_wconf 77' lang='lat' dir='ltr'>vos</span> <span class='ocrx_word' id='word_1_153' title='bbox 424 3032 593 3106; x_wconf 82' lang='lat' dir='ltr'>affectum</span> <span class='ocrx_word' id='word_1_154' title='bbox 607 3033 662 3130; x_wconf 80' lang='grc'>(4)</span> <span class='ocrx_word' id='word_1_155' title='bbox 674 3057 733 3105; x_wconf 88' lang='lat' dir='ltr'>me</span> <span class='ocrx_word' id='word_1_156' title='bbox 745 3057 819 3106; x_wconf 84' lang='lat' dir='ltr'>esse</span> <span class='ocrx_word' id='word_1_157' title='bbox 830 3033 920 3121; x_wconf 83' lang='lat' dir='ltr'>scio,</span> <span class='ocrx_word' id='word_1_158' title='bbox 935 3029 1055 3107; x_wconf 76' lang='lat' dir='ltr'>verbis</span> <span class='ocrx_word' id='word_1_159' title='bbox 1069 3032 1123 3133; x_wconf 82' lang='lat'>(5)</span> <span class='ocrx_word' id='word_1_160' title='bbox 1141 3029 1320 3132; x_wconf 83' lang='lat' dir='ltr'>explicare</span> 
     </span>
     <span class='ocr_line' id='line_1_23' title="bbox 250 3148 1317 3251; baseline 0.001 -28"><span class='ocrx_word' id='word_1_161' title='bbox 250 3175 328 3223; x_wconf 91' lang='lat' dir='ltr'>non</span> <span class='ocrx_word' id='word_1_162' title='bbox 344 3150 459 3224; x_wconf 84' lang='lat' dir='ltr'>valeo.</span> <span class='ocrx_word' id='word_1_163' title='bbox 479 3150 529 3221; x_wconf 85' lang='lat' dir='ltr'>Et</span> <span class='ocrx_word' id='word_1_164' title='bbox 549 3149 630 3224; x_wconf 90' lang='lat' dir='ltr'>ideo</span> <span class='ocrx_word' id='word_1_165' title='bbox 647 3148 861 3226; x_wconf 85' lang='lat' dir='ltr'>fiducialiter</span> <span class='ocrx_word' id='word_1_166' title='bbox 878 3166 966 3251; x_wconf 88' lang='lat' dir='ltr'>peto</span> <span class='ocrx_word' id='word_1_167' title='bbox 981 3163 1043 3240; x_wconf 89' lang='lat' dir='ltr'>ut,</span> <span class='ocrx_word' id='word_1_168' title='bbox 1067 3176 1150 3225; x_wconf 89' lang='lat' dir='ltr'>cum</span> <span class='ocrx_word' id='word_1_169' title='bbox 1168 3174 1317 3239; x_wconf 72' lang='lat' dir='ltr'>venno,</span> 
     </span>
     <span class='ocr_line' id='line_1_24' title="bbox 252 3263 1322 3369; baseline 0.004 -33"><span class='ocrx_word' id='word_1_170' title='bbox 252 3266 338 3340; x_wconf 83' lang='lat' dir='ltr'>tales</span> <span class='ocrx_word' id='word_1_171' title='bbox 359 3291 424 3339; x_wconf 78' lang='lat' dir='ltr'>voa</span> <span class='ocrx_word' id='word_1_172' title='bbox 450 3291 531 3366; x_wconf 78' lang='lat' dir='ltr'>erga</span> <span class='ocrx_word' id='word_1_173' title='bbox 558 3290 618 3339; x_wconf 86' lang='lat' dir='ltr'>me</span> <span class='ocrx_word' id='word_1_174' title='bbox 644 3266 808 3342; x_wconf 74' lang='lat' dir='ltr'>invenite</span> <span class='ocrx_word' id='word_1_175' title='bbox 834 3293 991 3357; x_wconf 84' lang='lat' dir='ltr'>merear,</span> <span class='ocrx_word' id='word_1_176' title='bbox 1010 3266 1167 3369; x_wconf 84' lang='lat' dir='ltr'>qualiter</span> <span class='ocrx_word' id='word_1_177' title='bbox 1192 3292 1250 3341; x_wconf 88' lang='lat' dir='ltr'>me</span> <span class='ocrx_word' id='word_1_178' title='bbox 1275 3263 1322 3340; x_wconf 85' lang='lat' dir='ltr'>de</span> 
     </span>
     <span class='ocr_line' id='line_1_25' title="bbox 253 3382 1322 3487; baseline 0.005 -34"><span class='ocrx_word' id='word_1_179' title='bbox 253 3382 356 3457; x_wconf 84' lang='lat' dir='ltr'>vobis</span> <span class='ocrx_word' id='word_1_180' title='bbox 373 3383 545 3456; x_wconf 82' lang='lat' dir='ltr'>meritum</span> <span class='ocrx_word' id='word_1_181' title='bbox 558 3410 632 3459; x_wconf 82' lang='lat' dir='ltr'>esse</span> <span class='ocrx_word' id='word_1_182' title='bbox 646 3409 724 3459; x_wconf 90' lang='lat' dir='ltr'>non</span> <span class='ocrx_word' id='word_1_183' title='bbox 739 3384 881 3461; x_wconf 85' lang='lat' dir='ltr'>dubito.</span> <span class='ocrx_word' id='word_1_184' title='bbox 895 3385 992 3487; x_wconf 88' lang='lat' dir='ltr'>Opto</span> <span class='ocrx_word' id='word_1_185' title='bbox 1004 3385 1230 3461; x_wconf 84' lang='lat' dir='ltr'>sanctitatem</span> <span class='ocrx_word' id='word_1_186' title='bbox 1245 3408 1322 3458; x_wconf 78' lang='lat' dir='ltr'>vea-</span> 
     </span>
    </p>
   </div>
   <div class='ocr_carea' id='block_1_6' title="bbox 290 3777 700 4256">
    <p class='ocr_par' dir='ltr' id='par_1_6' title="bbox 291 3777 571 3848">
     <span class='ocr_line' id='line_1_26' title="bbox 291 3777 571 3848; baseline -0.011 -14"><span class='ocrx_word' id='word_1_187' title='bbox 291 3783 332 3848; x_wconf 87' lang='lat'>(1)</span> <span class='ocrx_word' id='word_1_188' title='bbox 350 3777 421 3834; x_wconf 85' lang='lat' dir='ltr'>cod.</span> <span class='ocrx_word' id='word_1_189' title='bbox 435 3777 571 3833; x_wconf 80' lang='lat' dir='ltr'>elebeant.</span> 
     </span>
    </p>

    <p class='ocr_par' dir='ltr' id='par_1_7' title="bbox 290 3876 700 4161">
     <span class='ocr_line' id='line_1_27' title="bbox 290 3876 667 3949; baseline 0.005 -18"><span class='ocrx_word' id='word_1_190' title='bbox 290 3878 330 3949; x_wconf 81' lang='lat' dir='ltr'>(a)</span> <span class='ocrx_word' id='word_1_191' title='bbox 349 3876 417 3936; x_wconf 85' lang='lat' dir='ltr'>cod.</span> <span class='ocrx_word' id='word_1_192' title='bbox 431 3887 526 3933; x_wconf 81' lang='lat' dir='ltr'>vestre</span> <span class='ocrx_word' id='word_1_193' title='bbox 539 3883 667 3933; x_wconf 80' lang='lat' dir='ltr'>servatio.</span> 
     </span>
     <span class='ocr_line' id='line_1_28' title="bbox 293 3980 700 4053; baseline -0.002 -16"><span class='ocrx_word' id='word_1_194' title='bbox 293 3980 332 4053; x_wconf 71' lang='lat'>(5)</span> <span class='ocrx_word' id='word_1_195' title='bbox 350 3981 422 4040; x_wconf 79' lang='lat' dir='ltr'>eod.</span> <span class='ocrx_word' id='word_1_196' title='bbox 432 3993 541 4040; x_wconf 75' lang='lat' dir='ltr'>tntum</span> <span class='ocrx_word' id='word_1_197' title='bbox 555 3983 640 4038; x_wconf 76' lang='lat' dir='ltr'>lubet</span> <span class='ocrx_word' id='word_1_198' title='bbox 651 3981 700 4037; x_wconf 78' lang='lat' dir='ltr'>m.</span> 
     </span>
     <span class='ocr_line' id='line_1_29' title="bbox 295 4083 577 4161; baseline -0.011 -20"><span class='ocrx_word' id='word_1_199' title='bbox 295 4086 335 4153; x_wconf 71' lang='lat' dir='ltr'>(l)</span> <span class='ocrx_word' id='word_1_200' title='bbox 351 4083 422 4140; x_wconf 81' lang='lat' dir='ltr'>eod.</span> <span class='ocrx_word' id='word_1_201' title='bbox 436 4084 577 4161; x_wconf 63' lang='lat' dir='ltr'>affictam.</span> 
     </span>
    </p>

    <p class='ocr_par' dir='ltr' id='par_1_8' title="bbox 296 4185 694 4256">
     <span class='ocr_line' id='line_1_30' title="bbox 296 4185 694 4256; baseline -0.01 -14"><span class='ocrx_word' id='word_1_202' title='bbox 296 4185 334 4256; x_wconf 73' lang='grc'>(5)</span> <span class='ocrx_word' id='word_1_203' title='bbox 351 4187 397 4241; x_wconf 81' lang='lat' dir='ltr'>sic</span> <span class='ocrx_word' id='word_1_204' title='bbox 407 4186 493 4242; x_wconf 81' lang='lat' dir='ltr'>codex</span> <span class='ocrx_word' id='word_1_205' title='bbox 503 4211 511 4254; x_wconf 78' lang='lat'>3</span> <span class='ocrx_word' id='word_1_206' title='bbox 522 4187 590 4243; x_wconf 81' lang='lat' dir='ltr'>editi</span> <span class='ocrx_word' id='word_1_207' title='bbox 605 4188 694 4242; x_wconf 74' lang='lat' dir='ltr'>vobis.</span> 
     </span>
    </p>
   </div>
   <div class='ocr_carea' id='block_1_7' title="bbox 0 0 1585 5302">
    <p class='ocr_par' dir='ltr' id='par_1_9' title="bbox 0 0 1585 5302">
     <span class='ocr_line' id='line_1_31' title="bbox 0 0 1585 5302; baseline 0 0"><span class='ocrx_word' id='word_1_208' title='bbox 0 0 1585 5302; x_wconf 95' lang='lat' dir='ltr'> </span> 
     </span>
    </p>
   </div>
  </div>
 </body>
</html>
