3166 5280
247 330 306 391 ml
469 328 652 390 HISTORIA
674 328 991 407 Tnansm'rlortn,
1013 352 1076 393 erc.

248 452 395 522 mirent.
412 449 507 520 Tum
520 445 586 520 sibi
602 452 637 519 in
658 463 816 521 mentem
829 453 986 540 venisse,
1003 450 1190 551 visumque
1201 448 1308 524 fuisse

248 592 324 641 non
346 566 421 637 sine
447 591 572 663 magna
594 564 744 663 quadam
765 589 865 637 causa
883 566 1020 639 lactum
1042 581 1083 639 ut
1109 580 1166 641 tot
1189 564 1309 639 bomi-

249 682 355 755 nibus
372 696 443 753 tarn
458 681 662 754 subitaneus
681 707 791 781 sopor
806 681 1031 782 obrepserit:
1048 700 1219 783 ratusque
1241 680 1308 755 sibi

250 797 366 871 oblata
388 798 572 871 occasione
599 795 796 888 utendum,
825 798 1006 887 surrexit,
1031 813 1138 899 atque
1161 822 1309 871 accenso

248 916 403 1002 lumine,
427 915 469 986 ad
487 915 615 987 scrinia
641 915 787 988 silenter
804 917 959 989 accessit.
977 918 1072 988 Tum
1084 915 1154 989 filis
1168 915 1309 1017 sigillo-

250 1059 331 1103 rum
354 1030 495 1104 admota
515 1032 607 1104 cerei
626 1030 767 1103 llamma
781 1034 960 1119 crematis,
977 1033 1106 1106 scrinia
1119 1033 1198 1105 sine
1215 1033 1310 1105 cleve

250 1147 1311 1249 celeriteraperuit3acdeutroquecorporeportionemque!

250 1262 492 1352 eividebatur,
502 1265 690 1363 accipiens,
700 1264 876 1364 sigilla,ut
885 1278 988 1339 erant
1000 1266 1152 1365 integra,
1163 1262 1311 1339 filorum

250 1394 492 1453 crematorum
511 1376 775 1451 summitatibus
792 1381 970 1467 annectit;
991 1379 1164 1479 unitoque
1184 1379 1223 1451 id
1236 1378 1313 1451 lac-

253 1514 329 1568 tum
352 1495 548 1584 sentiente,
573 1495 608 1567 in
623 1496 706 1567 loco
722 1521 787 1569 suo
802 1495 944 1568 resedit.
965 1495 1051 1571 Post
1064 1494 1142 1567 baec
1159 1492 1314 1568 sublatas

253 1612 313 1685 tali
331 1611 433 1683 furto
449 1626 654 1685 sanctorum
671 1612 860 1711 reliquias,
881 1638 964 1685 cum
982 1610 1026 1684 ad
1041 1638 1100 1685 me
1114 1611 1315 1687 suissetre·

252 1754 386 1817 sersus,
395 1726 525 1799 detulit
539 1727 746 1825 :primoque
760 1726 835 1798 illes
844 1725 1036 1800 nonsancti
1047 1725 1249 1800 Marcellini
1258 1726 1315 1801 vel

254 1843 364 1929 Petri,
385 1839 446 1912 sed
458 1842 570 1912 sancti
583 1840 741 1914 Tiburtii
756 1866 829 1913 esse
847 1840 1068 1913 asseveravit.
1081 1838 1220 1915 Deinde
1232 1864 1317 1913 cum

254 1957 469 2059 nescioquid
483 1974 680 2044 vereretur,
696 1974 827 2031 secrete
839 1957 1143 2046 mecumlocutus,
1156 1982 1317 2059 quorum

253 2091 458 2147 sanctorum
482 2091 598 2147 essent
614 2075 797 2173 reliquiae,
824 2100 970 2175 quoque
988 2075 1098 2150 modo
1115 2100 1171 2148 eas
1190 2074 1318 2149 fuisset

255 2193 586 2291 adeptus,patenter
593 2192 746 2290 aperuit.
756 2191 935 2266 Habemus
946 2192 1021 2265 illas
1029 2192 1123 2293 apud
1134 2192 1171 2266 S.
1179 2190 1318 2265 Metlar-

255 2308 342 2379 dum
356 2307 393 2379 in
408 2306 489 2379 loco
504 2303 634 2379 celebri
651 2304 849 2381 honorifice
866 2307 1068 2396 collocatas,
1079 2305 1144 2379 ubi
1158 2304 1205 2379 ab
1214 2308 1317 2380 omui

256 2422 390 2522 populo
410 2450 492 2496 cum
511 2450 636 2523 magna
654 2424 884 2497 veneratione
906 2423 1098 2513 coluntur3
1113 2420 1175 2497 sed
1192 2439 1317 2497 utrum

256 2566 312 2612 eas
327 2538 431 2614 nobis
448 2538 577 2613 habere
593 2539 719 2629 liceat,
735 2541 772 2613 in
791 2556 854 2615 tuo
870 2556 990 2616 manet
1004 2539 1195 2614 arbitrio.»

310 3360 371 3431 22».
400 3359 463 3431 His
489 3360 641 3448 auditis,
662 3361 868 3435 recordatus
893 3387 972 3433 sum
993 3360 1080 3463 quid
1112 3360 1149 3432 in
1170 3358 1317 3447 itinere,

260 3502 335 3578 quo
348 3478 512 3574 proxime
520 3478 563 3551 ad
576 3479 747 3579 palatium
759 3478 1024 3578 proficiscebar,
1036 3505 1055 3550 a
1068 3474 1226 3578 quodam
1237 3474 1321 3549 hos-

262 3597 337 3695 pite
356 3621 436 3669 meo
449 3596 634 3669 audierim.
656 3598 727 3691 Qui
743 3599 838 3670 inter
852 3612 978 3670 caetera
990 3649 1002 3685 ,
1013 3620 1095 3697 quoe
1108 3618 1252 3667 mecum
1267 3589 1318 3666 lo·

262 3712 461 3814 quebatur:
478 3714 687 3815 «Numquid
696 3718 806 3801 nosti,
822 3717 888 3804 ait,
905 3714 1020 3816 qualis
1033 3715 1077 3787 de
1090 3712 1321 3785 sanctismar·

265 3832 420 3934 tyribus,
435 3832 645 3905 Marcellino
658 3849 695 3906 et
712 3840 832 3922 Petro,
845 3860 909 3931 per
922 3832 1013 3905 hanc
1031 3830 1217 3929 regionem
1229 3826 1319 3898 fama

262 3947 416 4047 dispersa
426 3946 495 4021 sit'l
505 3979 523 4017 »
535 3949 697 4048 Cumque
707 3949 742 4019 id
752 3975 809 4021 me
819 3948 954 4022 nescire
963 3943 1231 4044 responderem,
1244 3956 1319 4013 tum

265 4064 323 4136 ille
335 4097 343 4135 :
355 4098 372 4133 a
385 4066 532 4149 Dicunt,
544 4065 676 4165 iuquit,
685 4066 747 4164 qui
758 4062 1146 4138 desanctoSebastiano
1155 4057 1317 4141 veniunt,

1102 5014 1394 5252 X„
