3166 5280
247 404 310 463 eos
469 400 653 461 tustoan
675 400 999 477 rnansmnours,
1019 422 1082 465 nc.

248 523 348 620 cujus
363 519 453 620 signi
469 520 633 593 certioris
650 519 823 593 indicium
833 549 845 609 3
867 536 975 622 atque
992 522 1139 595 interim
1157 520 1241 595 illos
1252 548 1357 595 sa...

249 666 330 713 cros
346 640 501 726 cineres,
524 638 568 711 de
590 639 710 712 linteis
727 640 763 710 in
781 637 913 741 quibus
938 638 1036 738 ligati
1060 656 1349 713 vetremutau—

248 757 382 843 blatos,
400 756 519 829 scricis
531 783 571 827 ac
593 756 694 828 noris
712 755 870 854 pulvinis
888 755 1028 829 insuere
1042 755 1125 829 leci.
1150 756 1341 857 Cumque

250 878 287 947 in
300 902 425 948 eorum
438 874 661 973 inspectione
675 872 940 973 reliquiasbeati
951 871 1151 947 Marcellini
1161 872 1333 949 minoris

247 992 459 1093 quantitatis
472 1017 580 1090 quam
596 990 707 1062 sancti
717 991 812 1062 Petri
823 1015 897 1063 esse
908 1015 1105 1076 cernerem,
1118 986 1320 1063 arbitratus

251 1135 329 1180 sum
352 1133 431 1180 eum
452 1108 490 1180 in
511 1122 642 1179 statura
665 1107 827 1206 corporis
844 1108 896 1179 sui
917 1107 1069 1180 minoris
1083 1104 1194 1181 fuisse
1210 1131 1317 1180 men-

250 1251 344 1296 surae
361 1251 469 1324 quam
488 1238 650 1296 sanctum
660 1225 821 1297 Petrum.
841 1221 908 1295 Sed
928 1223 996 1295 hoc
1008 1222 1112 1295 aliter
1126 1248 1166 1295 se
1185 1218 1309 1297 halen

252 1340 390 1412 furtum
408 1356 528 1439 postea
543 1338 760 1438 patefactum
777 1336 989 1438 approbavit
1011 1366 1021 1409 .·
1040 1336 1141 1439 quod
1160 1333 1243 1424 ubi,
1259 1336 1306 1409 vel

252 1455 416 1557 quando,
433 1456 486 1528 vel
500 1483 519 1526 a
533 1481 628 1555 quo,
643 1455 698 1527 vel
710 1455 864 1555 qualiter
876 1454 1065 1527 admissum
1076 1479 1118 1525 ac
1129 1450 1304 1552 proditum

253 1576 316 1653 sit.
332 1600 397 1646 suo
411 1574 492 1646 loco
505 1575 667 1646 dicturus
683 1600 762 1645 sum
778 1603 787 1645 ε
804 1598 901 1646 nunc
917 1571 1009 1645 ordo
1023 1570 1242 1645 narrationis
1258 1570 1304 1643 ia-

253 1689 390 1765 rlaoatae
408 1691 581 1763 texendus
593 1706 700 1789 atque
714 1689 889 1764 tenendus
899 1704 964 1763 est.

306 2519 364 2591 tt.
381 2518 495 2617 lgitur
516 2534 705 2619 postquam
724 2517 826 2591 illum
849 2544 1020 2619 magnum
1034 2534 1143 2619 atque
1164 2516 1311 2591 mirabi-

257 2637 345 2723 lem,
360 2638 531 2739 omnique
550 2663 637 2710 auro
650 2637 918 2735 pretiosiorem,
936 2636 1073 2737 inspexi
1089 2634 1310 2723 thesaurum,

255 2754 412 2837 loculus,
436 2755 471 2825 in
489 2780 564 2853 quo
583 2753 675 2826 idem
690 2753 959 2841 continebatur,
976 2768 1126 2852 propter
1141 2752 1313 2827 vilitatem

256 2871 433 2957 materiae,
452 2869 580 2970 dequo
602 2887 808 2969 compactus
825 2883 918 2957 erat,
938 2872 1052 2969 coepit
1073 2866 1160 2940 mihi
1181 2866 1314 2968 oppido

253 2988 453 3087 displicere.
472 2988 587 3080 Quem
600 2986 787 3060 emendare
799 2989 965 3086 cupiens,
978 2986 1131 3089 quadam
1144 2986 1221 3074 die,
1237 2998 1316 3084 post

255 3103 475 3200 completum
489 3103 733 3200 vespertinum
746 3104 915 3190 officium,
929 3102 1081 3203 praecepi
1098 3101 1159 3173 uni
1173 3126 1218 3175 ex
1229 3096 1317 3173 cedi-

257 3218 344 3303 tuis,
361 3232 402 3288 ut
412 3244 614 3291 mensuram
632 3218 738 3291 loculi
750 3220 847 3318 virga
861 3218 1046 3292 collectam
1058 3216 1146 3289 mihi
1159 3214 1314 3289 afferret.

254 3334 345 3405 Cum
361 3334 420 3406 ille
437 3333 505 3406 hoc
527 3334 682 3407 lactarus
698 3361 840 3408 ceream
858 3332 1085 3420 accesaderet,
1105 3350 1143 3406 et
1158 3333 1318 3405 circum·

256 3451 447 3550 pendentia
462 3451 588 3549 pallia,
604 3451 735 3551 quibus
754 3452 845 3526 idem
864 3452 1001 3527 loculus
1017 3448 1215 3552 tegebatur,
1231 3446 1319 3523 sub-

257 3570 407 3656 levaret,
422 3568 675 3642 animadvertit
692 3570 850 3643 loculum
869 3572 1004 3643 mirum
1018 3570 1056 3643 in
1074 3568 1222 3641 modum
1243 3564 1319 3639 hu-

255 3710 356 3759 more
372 3686 566 3785 sanguineo
589 3685 746 3786 undique
762 3685 993 3759 distillantem
1010 3716 1020 3773 3
1037 3701 1073 3758 et
1089 3686 1140 3759 rei
1158 3684 1321 3760 novitate

255 3802 485 3900 perterritus,
511 3801 579 3876 hoc
596 3802 695 3903 quod
714 3802 850 3876 viderat
871 3828 1025 3902 propere
1042 3799 1129 3873 mihi
1148 3801 1320 3873 nuntiare

256 3919 406 3991 curavit.
433 3920 528 3990 Tum
546 3944 631 4020 ega,
650 3944 730 3991 cum
751 3918 805 3992 his
821 3920 883 4020 qui
907 3917 1053 3992 aderant
1074 3914 1321 3991 sacerdotibus

254 4038 402 4125 accessi,
427 4052 463 4110 et
488 4036 578 4110 illud
602 4036 818 4137 stupendum
839 4053 946 4137 atque
963 4036 1063 4111 omui
1080 4033 1322 4109 admiratione

253 4150 402 4251 dignum
432 4155 644 4228 miraculum
670 4156 799 4253 aspexi.
828 4154 918 4226 Nam
945 4168 986 4225 ut
1006 4150 1185 4224 columnae
1209 4164 1322 4247 atque
