3090 5302
369 435 411 495 00
693 432 887 495 Elttntttm
909 432 1116 495 lll’lSTOLAE.

368 576 388 623 s
407 549 484 625 Deo
498 547 601 624 vobis
620 574 846 640 oonoessam,
865 551 1017 625 caveatis
1035 548 1238 650 perieulum
1258 565 1443 643 vestrum,

370 692 489 770 neque
506 665 734 741 arbitremini
753 665 846 741 banc
857 667 1018 741 divinam
1035 667 1252 742 sententiam
1263 688 1376 770 ‘poue
1387 671 1446 770 (t)

371 812 389 857 a
414 781 581 885 quolibet
600 784 808 874 contemni,
836 783 922 859 licet
944 785 983 858 in
1005 785 1116 861 veteri
1141 785 1218 886 lege
1241 787 1444 888 oonsoripn

372 902 431 976 sit.
456 902 521 975 Est
543 903 643 977 enim
664 927 736 975 una
759 901 804 976 de
828 903 972 992 multis,
1003 929 1091 1004 qnae
1116 905 1269 1002 majores
1292 929 1335 978 to
1355 904 1444 981 doe·

372 1035 468 1093 tores
489 1020 606 1093 nostri
616 1074 628 1108 ,
651 1019 764 1092 sancti
781 1021 839 1119 (2)
860 1019 1026 1094 videlieet
1040 1022 1177 1113 Patres,
1195 1035 1270 1094 tom
1284 1046 1446 1122 presen-

373 1134 470 1210 tibus
494 1163 603 1237 qnam
628 1137 755 1236 priscis
780 1138 835 1236 (3)
860 1134 1105 1238 temporibus,
1142 1151 1216 1210 tam
1242 1135 1447 1210 christianis

371 1279 481 1355 quam
493 1254 644 1354 judeis,
659 1251 900 1329 observandas
915 1279 989 1328 esse
1003 1268 1238 1329 censuerunt.
1253 1252 1351 1329 Amo
1362 1279 1444 1343 vos,

371 1369 467 1444 Deus
482 1372 570 1459 scit,
590 1385 627 1444 et
647 1369 728 1444 ideo
745 1387 820 1443 tam
838 1368 1055 1444 fiducialiter
1071 1366 1251 1446 admoneo
1271 1400 1282 1443 x
1300 1395 1369 1443 nec
1385 1395 1448 1444 vos

372 1488 549 1562 vilitatem
573 1488 630 1588 (l.)
647 1515 813 1590 persone
835 1487 1086 1578 admonentis,
1113 1488 1175 1563 sed
1199 1485 1447 1565 salubritatem

373 1607 530 1696 consilii,
551 1608 778 1684 considerare
796 1606 947 1684 debetis.
966 1608 1086 1709 Opto,
1104 1623 1174 1683 etc.

675 2080 799 2142 XXXV.
824 2082 873 2142 AD
895 2082 932 2144 N.
958 2080 1151 2145 ΑΒΒΑΤΕΜ.

426 2243 584 2317 1)οωίηο
603 2260 728 2318 sancto
740 2258 777 2316 et
790 2245 922 2317 merito
936 2271 1060 2318 vener.
1075 2243 1139 2332 N„
1156 2241 1449 2318 reverentissimo

376 2356 514 2452 abbati,
535 2359 580 2432 N.
606 2361 653 2460 [i.
675 2386 707 2433 e.
732 2358 956 2460 Einbanlus]
975 2375 1157 2460 peccator.
1175 2402 1222 2417 -
1236 2358 1450 2433 Amicorum

376 2500 541 2549 meorum
557 2474 733 2550 relatione
749 2473 857 2548 didici
874 2475 922 2548 N.
936 2473 1161 2550 -abbatem
1176 2501 1223 2550 an
1240 2474 1451 2577 episeopum

375 2592 565 2666 nominare
593 2590 742 2666 debeam
772 2593 926 2693 ignoro,
954 2593 1035 2694 quis
1062 2592 1124 2666 ille
1148 2592 1196 2665 sit
1220 2617 1284 2666 vos
1311 2590 1451 2691 optime

375 2711 490 2785 nostis
500 2753 550 2768 -
560 2710 660 2812 quod
673 2712 711 2783 in
726 2710 849 2797 rebus,
863 2709 907 2784 ad
921 2737 1027 2784 suum
1040 2710 1247 2812 profectum
1259 2707 1452 2810 pertinen-

376 2824 487 2915 tibus,
507 2844 628 2903 vestro
644 2826 779 2900 salubri
798 2844 835 2901 et
851 2826 1136 2928 prudentissimo
1152 2824 1266 2902 soleat
1286 2824 1341 2899 uti
1360 2849 1452 2897 oon-

374 2942 470 3019 silio.
491 2943 724 3046 Quapropter
739 2946 856 3018 visum
870 2961 923 3019 est
940 2943 1031 3017 mibi
1049 2958 1205 3017 vestram
1223 2939 1451 3015 sanctitatem

377 3062 513 3160 precari
535 3079 577 3135 ut
593 3062 688 3163 apud
711 3080 955 3136 memoratum
971 3064 1090 3136 virum
1106 3087 1175 3161 pro
1191 3073 1326 3161 nepote
1341 3058 1452 3159 ipsius

376 3177 572 3266 Eburone,
595 3181 660 3281 qui
685 3165 785 3269 nune
811 3180 919 3254 Metis
938 3194 1123 3270 moratur,
1150 3177 1272 3279 loqui,
1296 3198 1452 3277 eumque

376 3321 504 3397 rogare
513 3299 571 3397 (5)
585 3295 785 3397 dignemini
800 3315 840 3370 ut
851 3324 935 3372 eum
946 3325 1027 3394 spe,
1040 3324 1151 3396 quam
1164 3295 1217 3369 illi
1230 3293 1367 3369 fecerat
1379 3291 1448 3389 (6),

378 3439 455 3489 non
474 3415 675 3503 fraudaret,
703 3415 762 3488 sed
780 3418 902 3516 potius
919 3418 956 3488 in
978 3416 1152 3517 promissa
1171 3415 1204 3488 ei
1224 3437 1306 3514 ergo
1323 3437 1362 3485 oe
1383 3410 1449 3485 be-

413 3760 454 3829 (ι)
470 3755 539 3813 cod.
552 3758 697 3828 possit.....
714 3761 873 3829 contempti·

414 3851 453 3920 (a)
471 3845 540 3906 (bd.
556 3855 675 3901 toctores
688 3865 717 3901 n.
731 3866 794 3901 cum
807 3867 836 3902 ν,

413 3935 452 4012 (3)
471 3936 716 4009 Fautpmmin’s.

413 4031 454 4100 (4)
471 4027 544 4083 eod.
556 4028 712 4082 uallantem.

412 4118 452 4191 (5)
469 4118 541 4174 eod.
553 4139 582 4175 n.
595 4119 703 4175 Metam
717 4126 855 4175 moratum
864 4118 883 4172 1.
898 4135 960 4172 eum
970 4135 1052 4186 quem
1062 4136 1086 4173 r.

413 4207 452 4280 (6)
470 4207 539 4265 cod.
554 4209 611 4265 illis
620 4216 722 4263 ecerat.
