3166 5280
251 392 291 449 98
576 391 768 451 EINHARDI
791 390 996 451 ErlsrouAE.

271 601 404 680 LlV(r).
430 604 480 663 Au
502 603 538 661 N.
565 601 851 664 PRESBYTERUM
873 601 924 663 ET
944 605 982 666 N.
1006 605 1307 671 VIOEDOMINUN.

304 766 367 864 [In
377 764 1099 863 Chn'sn'nomine,]Einhurdusabbas,N.
1111 767 1326 872 presbytero

254 899 290 959 et
305 883 353 957 N.
378 882 628 965 vicedomino,
656 880 822 955 fidelibus
846 885 902 984 (2)
924 887 1077 973 nostris,
1106 889 1145 961 in
1168 890 1327 963 Domino

253 1002 417 1076 salutem.
430 1003 646 1101 -[N0tum
672 1008 720 1071 sit
737 1001 861 1100 uobis]
879 1003 962 1104 quia
978 1002 1146 1078 volumus
1164 1022 1207 1079 ut
1223 1009 1328 1082 eulo-

252 1119 325 1216 gias
344 1117 397 1216 (3)
416 1117 610 1216 praeparari
628 1114 767 1189 faciatis
785 1117 982 1191 secundum
1005 1121 1326 1210 consuetudinem,

252 1236 346 1308 sicut
360 1233 452 1308 solet
469 1232 581 1306 homo
602 1232 647 1305 ad
663 1259 753 1333 opus
773 1232 999 1307 dominicum
1015 1236 1071 1336 (4)
1091 1236 1229 1326 fauere,
1256 1254 1328 1312 tam

250 1353 295 1425 ad
323 1377 415 1450 opus
435 1351 569 1424 'domni
599 1351 661 1423 ΗΙ.’
692 1376 803 1450 quum
828 1366 865 1424 et
894 1351 942 1425 N.
971 1355 1134 1454 conjugis
1159 1358 1250 1455 ejus.
1280 1356 1330 1429 Et

250 1466 398 1569 quando
424 1467 483 1538 iile
504 1465 549 1538 de
565 1464 742 1539 Andriuca
759 1465 842 1538 villa
861 1466 905 1539 ad
921 1469 1188 1568 compendium
1204 1496 1330 1546 rever·

250 1612 310 1659 sus
326 1584 458 1670 fuerit,
476 1602 564 1657 tunc
578 1583 746 1658 volumus
763 1599 805 1655 ut
822 1583 873 1656 ihi
892 1582 983 1659 fiant
1000 1602 1229 1686 praesentntae
1243 1586 1328 1688 (5)=

252 1719 290 1779 et
301 1719 425 1804 postea
439 1703 608 1776 volumus
621 1718 663 1774 ut
679 1728 746 1801 per
759 1698 907 1776 brevem
926 1700 1033 1777 nobis
1046 1703 1229 1796 indicetis,
1241 1730 1332 1806 quu-

250 1822 336 1894 liter
349 1819 426 1892 illas
439 1818 502 1919 [ab
516 1818 598 1918 illo]
613 1819 668 1919 (6)
682 1818 738 1892 vel
752 1816 797 1891 ab
811 1819 870 1892 illa
883 1819 1037 1896 fuissent
1049 1836 1218 1924 receptae.
1235 1823 1331 1899 Beue

250 1936 379 2010 valete.

409 2174 527 2255 svn).
550 2173 601 2231 ιι)
624 2149 835 2248 ρυιιιυιιι
851 2172 1030 2234 norrun
1051 2174 1174 2234 soon.

299 2337 341 2409 In
359 2334 496 2408 Christi
515 2335 683 2423 nomine,
705 2333 911 2407 Einhurdus
930 2333 1060 2426 abhas,
1081 2336 1134 2409 illi
1157 2337 1213 2438 (8)
1236 2336 1332 2412 fideli

252 2466 381 2528 nostro
391 2449 668 2525 salutem-Tu
679 2450 775 2523 nosti
786 2449 901 2550 quod,
905 2454 1008 2549 juxta
1018 2451 1118 2554 quod
1128 2453 1330 2553 potuimus,

253 2571 480 2644 voluntatem
511 2583 609 2639 tuam
635 2565 832 2668 adimplere
856 2568 1075 2658 curavimus,
1102 2568 1141 2641 in
1169 2569 1335 2673 eoquod

254 2689 365 2763 filiam
381 2703 479 2760 tuam
497 2686 564 2759 tibi
581 2686 729 2761 reddere
743 2685 908 2759 facimus.
925 2688 975 2760 Et
999 2688 1080 2762 ideo
1102 2713 1274 2790 rogamus
1300 2704 1336 2765 te

255 2821 310 2899 ut,
326 2821 478 2906 propter
492 2802 670 2877 honorem
683 2817 719 2874 et
732 2828 895 2875 amorem
908 2805 1021 2876 sancti
1036 2802 1083 2876 N.
1099 2818 1136 2878 et
1148 2819 1334 2895 nostrum,

256 2920 364 2994 nobis
382 2921 583 2994 consentias
602 2920 658 3018 (9)
679 2917 724 2991 ad
741 2914 811 2992 hoc
828 2934 887 3005 ut,
912 2920 940 2990 si
963 2917 1067 2992 ilium
1086 2919 1275 2994 hominem
1291 2918 1336 2993 ad

255 3036 461 3109 libertatem
479 3037 603 3107 venire
620 3034 810 3122 faciamus,
826 3035 992 3109 eumdem
1007 3037 1086 3136 (10)
1105 3034 1217 3109 filiam
1237 3052 1336 3109 tuam

259 3155 446 3254 permittas
471 3153 508 3223 in
536 3154 745 3250 conjugium
769 3153 1051 3253 accipe1·e‚quia
1075 3153 1204 3226 melius
1229 3152 1337 3229 nobis

296 3376 336 3449 (ι)
356 3375 420 3430 Haec
431 3371 547 3446 epistola
560 3371 611 3426 sub
621 3390 737 3426 numero
752 3391 786 3425 ιιι
803 3372 928 3428 ineditis
941 3384 1064 3428 notatur.

296 3467 336 3537 (ι)
353 3461 533 3537 Cod.fldelr'.s
546 3466 658 3516 nostris.

298 3551 336 3627 (3)
356 3551 427 3609 Cod.
442 3550 569 3606 eulalius.

297 3645 336 3715 (4)
353 3640 424 3698 cod.
442 3639 582 3694 dominici.
598 3638 674 3694 Edit.
691 3639 798 3694 donnini
810 3643 862 3693 sui.

297 3732 340 3807 (5)
359 3729 430 3787 cod.
445 3738 643 3802 proesentatar.
720 3798 722 3803 Ι

298 3822 339 3898 (6)
358 3821 407 3876 Hae
417 3816 477 3873 duae
490 3836 586 3885 voces,
598 3816 676 3872 nullo
690 3836 776 3872 vacuo
790 3818 893 3891 spatio,
910 3819 938 3871 in
949 3818 1045 3873 codice
1059 3817 1267 3879 desiderantur.

299 3914 339 3990 (7)
359 3915 424 3970 Haec
435 3909 551 3986 epistola
567 3911 619 3965 sub
632 3926 808 3963 numerumn
821 3910 850 3963 iu
862 3908 931 3965 edit.
946 3919 1068 3967 notatur.

299 4004 339 4076 (8)
359 4001 431 4058 eod.
447 4002 505 4056 illo.

299 4095 339 4168 (9)
356 4093 428 4150 Cod.
442 4094 626 4148 conscentias.

297 4189 352 4255 (ιο)
372 4185 440 4239 eod.
457 4183 581 4238 eandem.
