3090 5302
454 428 510 489 148
738 432 786 489 Al)
807 429 997 489 uirtutum
1021 429 1223 490 Etus'souts

452 574 515 617 non
539 550 628 631 facit,
644 565 675 617 et
694 552 736 617 itu
750 550 945 618 discordiam
959 577 1084 644 semper
1097 554 1239 644 equitati
1255 552 1417 643 proponit
1431 562 1462 614 ct
1474 548 1513 614 ab

450 667 509 732 hac
532 667 709 733 intentione
734 689 902 757 nunquam
924 667 1063 750 recedit,
1087 671 1169 735 sicut
1188 668 1243 735 ilie
1263 667 1386 756 estqui
1406 668 1511 731 aenio·

450 809 516 851 rem
540 799 681 850 vestrum
697 787 746 873 (r)
768 786 883 851 incitat
905 801 940 852 ut
962 785 1068 853 taliter
1092 785 1263 854 adversum
1289 809 1342 851 me
1367 798 1454 873 ngat.
1480 783 1512 849 si

445 901 532 965 enim
547 897 793 967 benefactorum
805 915 887 966 esset
898 902 1055 967 memoria
1069 917 1101 968 et
1115 903 1275 993 preterita
1291 899 1511 967 recolerentur

445 1032 609 1107 temporo,
627 1015 814 1083 inveniretis
829 1041 880 1082 me
898 1019 1013 1107 sepius
1036 1040 1095 1108 pro
1110 1020 1237 1085 seniore
1253 1031 1363 1083 veatro
1378 1028 1511 1081 certano

446 1149 482 1201 ut
501 1157 612 1225 pucem
629 1133 762 1200 heberet
774 1149 807 1200 et
820 1133 1088 1216 concordiam,et
1100 1149 1271 1226 propterea
1290 1148 1397 1201 totum
1415 1134 1450 1198 in
1463 1156 1510 1199 me

444 1251 557 1319 odium
576 1274 780 1344 provocasse,
799 1249 888 1341 quod
913 1266 1059 1341 tempore
1083 1251 1183 1319 beutoe
1207 1252 1374 1319 memorie
1399 1249 1508 1316 domni

442 1370 646 1461 imperatoris
668 1371 717 1458 (o)
743 1368 873 1459 erupit,
902 1369 945 1433 ita
969 1383 1005 1435 ut
1028 1368 1100 1457 ejus
1123 1369 1279 1435 offensam
1308 1370 1506 1436 incurrerem

442 1500 574 1577 propter
589 1484 681 1551 illum
695 1486 743 1571 (3)
761 1499 793 1550 et
815 1506 928 1549 omnes
951 1506 1034 1574 peno
1049 1484 1190 1573 majores
1206 1499 1284 1552 nutu
1304 1486 1507 1552 Francorum

441 1600 613 1668 adversum
629 1624 681 1667 me
698 1599 960 1690 indignarentur.
987 1601 1064 1665 Post
1082 1599 1206 1667 obitum
1221 1602 1318 1667 etiam
1343 1600 1434 1668 iliius
1448 1603 1507 1691 (t),

440 1720 590 1808 quotiens
613 1741 663 1783 me
688 1740 748 1806 pro
769 1714 906 1783 utilitate
923 1715 1010 1782 illius
1027 1719 1075 1803 (5)
1091 1719 1318 1809 oppoununtur,
1346 1718 1507 1785 reminisci

440 1835 583 1926 potestis,
597 1835 624 1898 si
637 1832 746 1899 vultis.
764 1832 860 1914 Nam,
874 1847 1033 1923 quantum
1049 1834 1082 1899 in
1097 1856 1150 1900 me
1162 1833 1238 1916 suit,
1256 1858 1386 1927 semper
1400 1837 1434 1902 in
1447 1835 1506 1901 boc

439 1950 586 2018 laborari
603 1964 640 2017 ut
663 1949 724 2039 ipsi
741 1946 791 2039 (6)
809 1949 893 2014 inter
915 1971 947 2014 se
970 1947 1150 2016 concordes
1175 1951 1392 2018 efficerentur.
1410 1953 1451 2018 Et
1472 1952 1504 2018 in

438 2067 501 2132 hoc
519 2067 628 2133 senior
647 2089 738 2132 meus
754 2065 802 2156 (7)
820 2079 852 2130 et
869 2064 981 2132 fideles
995 2066 1066 2155 ejus
1084 2068 1241 2135 hactenus
1265 2069 1460 2160 persistunt,
1475 2082 1505 2136 at

438 2205 642 2274 perseverare
667 2181 820 2271 cupiunt,
837 2181 864 2245 si
877 2204 917 2248 ex
939 2197 1030 2273 porte
1052 2180 1142 2249 illius
1157 2185 1208 2272 (8)
1224 2183 1284 2251 rite
1301 2183 1504 2252 observatu-

436 2296 549 2365 suerit.
574 2297 672 2363 Nunc
687 2309 814 2376 eutem,
830 2319 921 2362 versu
937 2297 1026 2380 vice,
1051 2321 1113 2389 pro
1130 2322 1241 2367 amore
1264 2302 1372 2392 pacis,
1390 2300 1504 2369 talum

436 2437 628 2482 remuneror
642 2413 800 2505 premiis,
818 2426 850 2479 et
865 2414 943 2503 qui,
962 2414 1179 2504 proeliorum
1192 2416 1319 2506 justitia
1338 2417 1503 2497 laboravi,

433 2531 592 2622 justitiam
605 2553 710 2596 meum
719 2526 860 2620 perdidi,
870 2544 902 2596 et
914 2529 957 2596 ob
967 2531 1032 2598 hoc
1044 2532 1188 2600 imitator
1198 2532 1387 2602 demonum
1399 2534 1501 2617 dicor,

434 2645 523 2737 quod
537 2659 663 2713 tuntum
673 2645 833 2734 justitiam
847 2647 991 2736 requiro.
1007 2647 1078 2737 Ego
1091 2647 1232 2739 denique
1249 2666 1400 2720 naturam
1415 2666 1504 2722 ωυ-

435 2786 548 2831 rorum
561 2763 734 2831 hominum
752 2762 878 2843 haheo,
896 2765 974 2853 quio
999 2786 1076 2845 eos,
1095 2767 1153 2854 qui
1178 2766 1261 2833 mihi
1275 2765 1503 2849 benefaciunt,

435 2881 557 2973 diligo,
580 2896 613 2948 et
631 2904 703 2963 eos,
726 2882 784 2972 qui
807 2881 886 2946 mihi
907 2879 1106 2971 ubicumque
1127 2897 1262 2974 possunt
1278 2883 1503 2969 adversantur,

436 2996 563 3086 refugio
576 3011 673 3087 utque
686 2995 828 3063 declino.
837 2997 1013 3088 Propterea
1024 3021 1102 3089 ergo
1114 2997 1154 3066 de
1162 3023 1240 3092 pace
1254 3024 1371 3070 eorum
1382 3002 1502 3085 studui,

436 3130 472 3181 ut
498 3137 563 3180 non
591 3112 732 3180 deterior
755 3112 810 3179 sed
836 3113 952 3181 melior
979 3113 1054 3181 inde
1079 3114 1203 3183 fierem.
1221 3115 1385 3209 Quisquis
1405 3120 1502 3210 igitur

434 3229 526 3296 vobis
538 3229 617 3295 dicit
629 3227 718 3319 quod
735 3230 818 3295 inter
832 3228 916 3296 filios
931 3231 1067 3296 senioris
1078 3233 1142 3298 mei
1151 3235 1279 3324 (9)‚qui
1290 3257 1344 3302 me
1355 3237 1500 3313 nutrivit,

470 3447 511 3516 (t)
530 3444 670 3500 lntltaire.

471 3544 511 3613 (α)
530 3541 854 3597 Μυίι-Ιε-[ὶὲὴοιιωίτε.

469 3639 509 3712 (5)
527 3641 666 3696 [othrico.

468 3743 508 3812 (i)
527 3738 853 3795 Locis-tenebomaire.

467 3837 507 3910 (5)
526 3837 665 3893 Lothaire.

471 3937 512 4009 (6)
530 3940 580 3993 Lea
592 3936 634 3991 fila
647 3934 683 3990 de
694 3933 1019 3990 maiole-Democratem

471 4037 511 4110 (7)
527 4031 822 4089 cuarteetechauve.

472 4134 512 4201 (t)
532 4131 671 4187 lothaire.

475 4232 513 4300 (9)
532 4224 857 4282 Lenia-lediebonuaire.
