3090 5302
257 374 318 437 aso
482 372 665 435 msaoau
686 370 1006 449 raausaauoun,
1027 392 1091 435 ue

255 491 437 567 aientibus
462 492 676 566 Sanctorum
699 491 860 577 meritis,
883 516 1007 565 coram
1028 492 1133 565 omni
1155 490 1313 567 multitu·

252 605 351 696 dine,
370 606 570 680 illuminata
584 621 650 680 est.
667 604 806 700 Quarto
820 606 899 679 idus
909 606 1007 706 julii,
1026 631 1122 679 casea
1138 606 1311 708 quedam,

253 722 402 796 nomine
418 721 538 823 Magia
548 776 560 811 ,
578 747 663 823 quae
679 719 819 794 duobus
838 720 914 796 lere
932 721 1038 795 annis
1054 722 1137 795 visu
1157 720 1311 811 ambr,

251 841 346 913 intra
372 865 468 912 sacra
500 840 688 912 missarum
718 839 918 932 solemnia,
945 836 1229 939 suffragantibus
1250 838 1311 913 sibi

249 957 465 1030 Sanctorum
486 955 672 1055 precibus,
692 982 712 1028 a
727 956 887 1031 Domino
905 957 988 1031 Jesu
1011 954 1162 1031 Christo
1180 956 1312 1031 illumi·

248 1089 330 1148 nata
344 1090 410 1150 est.
425 1075 560 1149 Eadem
571 1075 628 1149 die
641 1100 756 1147 caecus
768 1074 915 1175 quidam
927 1071 1029 1149 valde
1037 1098 1164 1162 senex,
1178 1071 1225 1149 de
1235 1074 1310 1147 vitu

246 1190 443 1277 Gauliacas,
456 1190 1009 1292 Ermenwardusvooabulo,qui
1021 1190 1311 1293 annisquatuor·

245 1308 361 1382 decim
386 1308 476 1382 nihil
501 1307 621 1383 videre
644 1309 790 1408 potuit,
817 1308 861 1381 ad
887 1308 1138 1409 vespertinum
1160 1308 1309 1383 officium

244 1426 427 1500 ecclesiam
445 1427 621 1526 ingressus
637 1424 759 1501 beatos
775 1428 953 1527 Martyres
969 1426 1175 1516 invocavit,
1192 1452 1235 1499 ae
1249 1440 1309 1499 sta·

245 1545 310 1617 tim
326 1544 485 1617 caecitate
497 1542 661 1643 depulsa,
674 1542 737 1618 diu
750 1542 984 1619 desideratam
996 1544 1138 1633 luoem,
1152 1544 1307 1621 Domino

242 1663 449 1762 adjuvante,
469 1662 617 1761 recepit.

291 2142 352 2213 ·75.
368 2139 530 2239 Septimo
541 2139 707 2214 kalendas
718 2142 879 2241 augusti,
891 2139 1009 2241 puello
1020 2138 1211 2241 quedam,
1228 2162 1302 2243 qu

241 2251 287 2325 ab
300 2253 490 2328 immundo
503 2255 635 2355 spiritu
653 2254 861 2349 vexabatur,
883 2258 921 2332 in
937 2255 1123 2331 basilioam
1136 2256 1299 2341 adduch,

239 2372 328 2445 dum
344 2398 454 2446 sacrae
473 2370 668 2447 oblationis
686 2373 844 2448 officium
860 2370 1079 2467 celebratur,
1098 2398 1168 2475 per
1188 2372 1300 2445 virtu-

241 2506 315 2566 tem
341 2488 475 2563 Christi
501 2506 539 2565 et
565 2490 692 2565 merita
715 2489 906 2565 beatorum
927 2491 1160 2593 Martyrum,
1186 2488 1300 2593 rupto

238 2606 423 2695 daemone,
440 2606 708 2707 integerrimam
725 2608 858 2681 mentis
872 2623 909 2683 et
921 2604 1089 2707 corporis
1101 2606 1238 2681 meruit
1249 2630 1299 2679 re·

237 2726 356 2825 cipere
369 2725 720 2800 sanitatem—llaec
734 2740 820 2798 sunt
836 2725 1008 2800 miracula
1022 2738 1135 2827 atque
1155 2724 1299 2798 virtuter

236 2866 324 2940 quas
336 2839 513 2914 Dominus
527 2853 653 2915 noster
664 2842 764 2914 lesus
777 2838 954 2929 Christus,
972 2840 1188 2941 permerito
1200 2862 1298 2913 nuo·

236 2972 357 3031 torum
371 2970 576 3058 martyrum
587 2981 738 3031 suorum
750 2956 952 3031 Marcellini
972 2972 1011 3031 et
1030 2955 1154 3047 Petri,
1173 2956 1212 3031 in
1223 2953 1298 3029 vio)

235 3074 476 3162 valentianas,
488 3072 531 3147 ad
543 3074 693 3149 salutem
707 3075 854 3149 humani
864 3074 1018 3176 generis,
1027 3072 1297 3175 operaridipua·

235 3208 291 3264 tus
319 3207 403 3266 est:
428 3217 511 3294 qnae
537 3208 759 3268 memoratus
782 3192 959 3294 Georgius
984 3188 1182 3295 presbyter
1200 3188 1294 3265 trevi

233 3306 358 3382 libello
386 3306 535 3383 collecta
562 3307 670 3383 nobis
697 3310 843 3385 mittere
869 3310 1035 3398 enmvit,
1063 3322 1104 3385 et
1123 3334 1195 3385 nos
1217 3306 1296 3383 tate

232 3425 333 3523 operi
351 3440 480 3499 nostro
502 3427 705 3500 censuimus
727 3426 927 3503 inserenda.
955 3426 1025 3501 llio
1046 3442 1104 3503 eat
1124 3424 1294 3529 Georgius

231 3541 424 3615 Veneticus
432 3594 443 3630 ,
457 3541 520 3641 qui
533 3539 577 3616 de
588 3543 704 3642 patria
717 3570 779 3616 sua
795 3542 840 3615 ad
856 3544 1116 3643 imperatorem
1126 3544 1249 3634 venit,
1260 3552 1292 3615 et

118 3688 124 3701 ¹
231 3661 268 3732 in
287 3658 445 3761 Aquensi
461 3658 596 3760 palatio
612 3685 812 3761 organum,
828 3660 927 3762 quod
948 3684 1071 3761 groeoe
1091 3656 1290 3762 lrydnrlin

229 3792 392 3865 vocatur,
411 3775 563 3851 mirifica
584 3792 661 3852 arte
680 3777 897 3877 composuit.
