3166 5280
251 393 293 452 30
574 388 769 452 ommam
791 387 996 451 Erlstottz.

250 504 408 581 Proinde
435 529 601 606 rogamus
625 505 856 581 dilectionem
872 523 971 579 tuam
992 521 1053 593 ut,
1080 506 1325 608 inquantum

251 621 420 724 possibile
436 639 508 712 est,
530 624 563 697 ei
580 649 726 724 parcere
741 623 901 723 digneris
916 631 1066 723 propter
1079 650 1241 699 morem
1256 626 1324 702 Dei

252 758 291 815 et
309 756 518 815 sanctorum
540 743 638 839 ejus,
661 738 705 813 ad
728 765 886 840 quorum
908 740 1033 813 limina
1059 740 1319 841 confugerunt.

252 857 351 957 Opto
365 874 408 929 ut
422 882 563 957 semper
579 855 802 930 benevaleas
820 856 857 928 in
876 857 1046 929 Domino.

265 1207 351 1269 XIX.
377 1208 418 1268 nt
442 1207 612 1269 PERSONA
633 1206 875 1268 HLUDOWICI
897 1208 1178 1282 IMPERATORIS,
1201 1209 1251 1269 tn
1275 1210 1314 1269 G.

690 1308 885 1372 COMlTEM.

303 1473 344 1543 ln
369 1470 520 1543 nomine
539 1469 685 1543 Domini
705 1470 769 1544 Dei
790 1486 827 1544 et
848 1470 1042 1545 salvatoris
1067 1473 1183 1547 nostri
1211 1471 1325 1546 Jeshu

253 1585 660 1676 christtffladowicus,
671 1587 791 1662 divina
802 1586 994 1663 ordinante
1004 1588 1244 1689 providentia,
1255 1590 1326 1662 im-

253 1719 400 1805 perator
410 1719 592 1806 augustus,
603 1704 651 1778 G.
665 1706 860 1780 comiti.—
870 1705 1008 1780 Notum
1018 1707 1066 1779 sit
1077 1705 1144 1779 tibi
1157 1707 1323 1808 quod(1)

253 1822 420 1895 volumus
432 1837 492 1908 ut,
507 1818 653 1921 quando
665 1820 745 1896 haec
754 1822 904 1920 epistola
918 1838 1042 1895 nostra
1054 1823 1098 1896 ad
1112 1838 1147 1898 te
1160 1824 1322 1912 venerit,

254 1941 374 2011 statim
392 1939 469 2011 sine
484 1938 557 2010 ulla
572 1937 759 2027 dilatione,
782 1965 959 2038 praepares
982 1955 1018 2014 te
1034 1939 1078 2013 ad
1099 1938 1169 2015 hoc
1191 1957 1251 2029 ut,
1271 1966 1323 2015 xv

253 2053 324 2125 kal.
340 2053 513 2151 januarii,
546 2051 582 2126 id
603 2068 657 2127 est
678 2079 716 2127 vi
742 2052 868 2128 diebus
892 2058 982 2128 ante
998 2055 1123 2130 Natalo
1144 2057 1321 2144 Domini,

255 2166 400 2242 obviam
425 2169 535 2242 misso
555 2183 684 2243 nostro
707 2169 754 2241 H.
781 2169 901 2244 venias
923 2170 962 2242 in
987 2170 1071 2243 villa
1096 2186 1218 2245 nostra
1238 2198 1324 2272 quae

255 2286 389 2358 dicitur
406 2282 717 2360 Heilambrunno:
735 2301 772 2360 et
793 2287 966 2388 quicquid
987 2288 1048 2363 ille
1064 2287 1130 2362 tibi
1147 2287 1192 2362 de
1208 2285 1324 2362 verbo

254 2415 399 2489 nostro,
416 2399 524 2473 simul
537 2425 620 2474 cum
634 2400 712 2473 aliis
726 2400 921 2475 comitibus
935 2419 971 2476 et
985 2402 1150 2478 fidelibus
1167 2403 1320 2489 nostris,

255 2517 300 2590 ad
329 2516 533 2592 laciendum
559 2518 777 2618 injunxerit,
805 2517 922 2594 facere
950 2517 1111 2608 studeas,
1138 2535 1180 2595 et¹
1203 2519 1323 2592 taliter

255 2632 386 2710 exinde
402 2661 499 2735 agas,
513 2634 670 2737 qualiter
687 2637 727 2710 in
742 2652 802 2709 tua
818 2636 988 2711 fidelitate
1004 2633 1138 2711 bonam
1150 2634 1322 2712 habemus

255 2751 435 2828 fiduciam.
454 2753 550 2829 Bene
566 2752 656 2828 vale.

271 2989 341 3050 XX.
366 2989 407 3050 ΙΝ
430 2988 601 3050 PERSONA
621 2988 862 3049 HLUDOWlCl
885 2987 1167 3061 IMPERATORIS,
1189 2989 1241 3047 AD
1263 2987 1303 3049 ll.

632 3086 724 3147 EJUS
746 3086 935 3148 FIDELEM.
1222 3094 1224 3098 “

304 3247 347 3317 ln
369 3246 518 3320 nomine
535 3246 683 3320 Domini
703 3246 772 3320 Dei
795 3260 832 3320 et
854 3247 1048 3320 salvatoris
1075 3247 1192 3322 nostri
1213 3243 1322 3319 Jeshu

257 3360 415 3454 Christi,
438 3362 692 3452 Hludowieus,
717 3363 909 3439 ordinante
933 3363 1053 3436 divina
1073 3362 1320 3464 providentia,

256 3479 456 3578 imperator
466 3496 653 3580 augustus,
664 3482 708 3554 H.
725 3480 820 3556 fideli
834 3497 976 3556 nostro.
985 3481 1181 3554 -Notum
1195 3482 1241 3552 sit
1255 3480 1322 3553 tibi

257 3598 359 3698 quod
374 3597 542 3673 volumus
560 3612 600 3672 ut
616 3625 732 3672 unum
747 3599 791 3674 de
804 3599 888 3674 filiis
901 3602 994 3688 tuis,
1012 3600 1149 3672 vasallis
1165 3599 1319 3682 nostris,

256 3740 365 3816 quem
382 3733 423 3788 tu
440 3716 584 3791 noveris
600 3716 699 3819 quod
720 3716 790 3793 hoc
806 3718 933 3791 melius
950 3716 1067 3790 facere
1080 3716 1209 3817 possit,
1226 3741 1324 3813 prae·

257 3846 422 3929 paratum
434 3857 507 3906 esse
514 3831 653 3932 jubeas,
670 3848 723 3923 nt,
739 3833 886 3934 quando
899 3834 941 3906 R.
956 3858 1075 3907 comes
1087 3846 1124 3905 et
1137 3832 1183 3904 ll.
1197 3830 1323 3903 missus

1150 4034 1326 4044 ——--

289 4148 327 4214 (ι)
347 4146 418 4201 Edit.
433 4154 506 4220 quio.
