3166 5280
252 458 310 518 408
546 460 764 520 RHYTHMUS
780 460 831 519 DE
849 460 1027 523 PASSIONE

256 591 345 656 Saxis
360 589 454 655 simul
469 606 564 679 atque
580 593 706 679 magnis
720 616 890 659 arenarum
902 596 951 681 (r)
969 594 1127 661 molibus.

304 714 355 774 13.
381 709 467 773 Tum
483 706 592 774 beatos
607 724 776 775 assertores
792 710 933 776 veritatis
947 709 1083 800 alligant

255 821 481 890 Marcellinum
497 839 592 914 atque
607 825 758 906 Petrum,
776 826 887 892 avidos
900 828 1066 915 martyrii,

253 937 502 1028 Annectuntque
518 954 681 1006 catenatos
695 940 848 1008 arborum
866 940 1044 1031 stipitibus,

253 1057 365 1120 Donec
384 1069 464 1120 tetro
483 1055 668 1121 nuntiarent
684 1071 919 1123 tormentorum
936 1056 1058 1123 arbitro
1065 1060 1133 1145 (a),

254 1174 359 1261 Atque
376 1174 445 1263 ipso
461 1170 693 1263 comperirent,
708 1171 900 1240 decernente
913 1171 1043 1262 judice,

255 1287 356 1380 Quali
370 1304 472 1356 morte
488 1289 598 1378 magni
612 1287 720 1355 forent
736 1287 949 1355 consumendi
963 1302 1131 1378 martyres.

255 1406 325 1497 Qui
341 1404 418 1472 dum
434 1420 551 1472 cuncta
567 1407 768 1495 cognovisset
788 1420 875 1494 gesta
892 1427 1026 1495 quaeque
1041 1404 1202 1494 jusserat,

253 1522 386 1610 Nigram
399 1519 492 1611 jubet
508 1522 593 1589 intra
609 1520 720 1588 silvam
736 1537 864 1588 sanctos
878 1519 955 1588 duci
971 1534 1147 1610 martyres,

253 1639 292 1703 Et
308 1637 388 1702 inibi
408 1637 576 1727 capitalem
592 1660 705 1727 capere
720 1638 921 1704 sententiam.

253 1754 331 1844 Quo
348 1778 421 1820 cum
437 1777 492 1820 eos
505 1752 708 1821 deduxissent
721 1753 903 1821 demonum
919 1750 1085 1831 satellites,

251 1869 305 1937 Illi
321 1869 384 1938 laeti
399 1885 430 1936 et
445 1869 565 1936 alacres
580 1868 810 1960 laudantesque
823 1869 1019 1947 Dominum,

252 1989 376 2054 Locum
394 2012 458 2054 suae
472 1988 612 2079 passioni
628 1986 800 2076 largiorem
814 1984 950 2052 iaciunt.

252 2103 333 2167 Nam
349 2116 380 2167 et
397 2102 503 2191 spinas
519 2115 613 2190 atque
630 2124 740 2191 vepres
756 2100 933 2168 evellebant
951 2098 1101 2166 manibus

250 2218 315 2309 lpsi
332 2219 416 2297 suis,
432 2231 468 2283 ut
485 2216 654 2308 purgando
675 2230 792 2283 terram
811 2240 924 2308 puram
941 2212 1131 2296 redderent,

252 2334 386 2401 Sacrum
402 2348 556 2423 eratque
572 2331 701 2400 illorum
717 2348 889 2424 exceptura
905 2332 1108 2420 sanguinem.

252 2452 348 2516 Tunc
365 2464 511 2529 orantes,
529 2462 624 2547 atque
640 2450 727 2539 pacis
743 2449 804 2514 sibi
821 2446 931 2515 dantes
950 2444 1115 2527 osculum,

251 2566 345 2632 Genu
363 2565 463 2646 flexo,
481 2588 700 2655 percussorem
717 2565 874 2656 patienter
889 2560 1073 2655 perierunt,

250 2680 298 2748 Ac
313 2683 456 2773 projecta
472 2683 562 2771 gravi
578 2696 690 2771 potunt
707 2679 822 2747 coelum
839 2680 944 2746 carnis
960 2680 1096 2745 sarcina.

251 2800 402 2890 Quorum
421 2774 505 2890 ipse,
523 2799 579 2888 qui
594 2797 723 2864 eosdem
740 2821 875 2887 magnos
891 2796 1011 2864 Christi
1027 2808 1183 2885 martyres

248 2919 278 2983 F
278 2940 350 2982 erro
363 2918 470 3005 jussus
483 2913 663 3004 jugulavit,
681 2940 713 2980 se
730 2913 846 2981 vidisse
857 2912 960 2981 lassus
973 2928 1037 2995 est,

251 3036 365 3102 Carnis
379 3033 494 3100 vinclis
506 3031 671 3100 absolutos
685 3032 825 3100 evolasse
842 3034 988 3125 spiritus,
1080 3030 1084 3035 ’

249 3152 370 3217 Forma
384 3152 477 3240 quasi
492 3148 658 3239 virginali,
675 3163 773 3215 tectos
788 3164 873 3215 veste
886 3146 1030 3238 fulgida,

249 3267 340 3332 Auro
351 3288 481 3357 quoque
497 3262 657 3331 radiantes
672 3288 709 3329 ac
724 3288 924 3354 gemmarum
940 3262 1081 3342 lumine,

249 3381 448 3471 Angelorum
468 3396 692 3447 coruscantum
709 3380 923 3448 circumdatos
939 3379 1085 3471 agmine,

248 3496 462 3568 Laetabundos
476 3521 549 3563 cum
566 3498 719 3564 immensa
737 3496 818 3564 lucis
834 3497 1012 3578 affluentia,

249 3618 353 3706 Supra
370 3627 485 3681 cuncta
500 3612 697 3704 penetrando
714 3612 797 3680 celsa
813 3612 926 3680 mundi
939 3612 1059 3695 sidera,

247 3733 436 3803 Sublevatas
451 3729 492 3796 ad
510 3742 625 3796 aterna
644 3728 716 3796 coeli
733 3752 832 3819 regna
850 3728 1014 3795 scandere.

295 3854 348 3916 ll.
372 3850 453 3915 Duae
466 3845 612 3937 quaedam
629 3830 813 3913 reseruntur
827 3848 938 3913 Romae
953 3860 1034 3913 natta
1045 3842 1196 3925 semiue,

282 4138 322 4209 (r)
341 4134 410 4191 Cod.
425 4134 601 4189 lrarunorum.

283 4238 322 4305 (a)
340 4232 409 4290 Cod.
423 4232 530 4286 arbita.
