3166 5280
263 378 324 439 288
487 376 672 442 HISTORIA
693 378 1018 455 menstruorum·
1035 402 1099 445 nc.

265 496 493 585 enumeravi,
509 512 549 568 ut
573 496 732 597 perfidiae
754 524 827 570 snae
848 523 975 598 poenas
992 497 1107 572 luant.
1126 499 1224 573 Sunt
1234 502 1321 575 enin

265 612 390 711 perfidi
402 629 511 713 atque
521 614 727 708 mendaces,
746 642 829 688 cum
843 614 912 691 hoc
928 642 1069 691 servare
1085 644 1162 692 non
1180 634 1319 707 curant,

264 729 364 829 quod
383 730 420 804 in
436 730 616 830 baptismo
632 735 925 833 promiserunt.»
943 736 1029 808 Haec
1048 736 1172 810 omnia
1185 735 1319 811 daemon

264 872 330 943 per
345 872 386 919 os
404 844 567 921 barbarae
585 849 714 948 puetlae
732 849 842 924 latine
859 848 1001 923 locutus
1017 866 1083 924 est.

310 1696 371 1767 54.
399 1691 547 1763 Etcum
572 1687 758 1789 presbyter
775 1688 985 1788 imperando
1011 1714 1139 1791 urgere
1159 1690 1321 1791 eoepisrct

259 1829 302 1884 nt
317 1812 445 1884 exiret.
467 1840 486 1879 n
504 1805 644 1897 Exibo,
664 1808 802 1908 inquit,
820 1834 895 1881 non
915 1823 1067 1909 propter
1083 1824 1190 1881 tunm
1209 1809 1320 1909 impe·

259 1929 377 2014 rium,
399 1924 458 1999 sed
476 1940 627 2024 propter
644 1924 859 1997 Sanctorum
882 1938 1116 2023 potestatem,
1134 1924 1198 2025 qni
1217 1924 1320 1997 mein

259 2044 319 2115 illa
332 2042 467 2114 diutius
481 2066 624 2113 manere
638 2066 712 2113 non
728 2042 958 2139 permittunt.
976 2071 994 2108 n
1008 2042 1072 2113 His
1086 2040 1211 2130 dictis,
1227 2040 1323 2141 puel-

259 2159 330 2231 lam
349 2158 385 2229 in
404 2158 650 2256 pavimentum
666 2157 834 2254 projecit;
852 2170 959 2256 atque
975 2154 1023 2228 ibi
1039 2156 1322 2257 aliquantulum,

259 2276 358 2349 velut
380 2274 643 2361 dormientem,
669 2299 790 2371 prono
813 2298 966 2371 corpore
979 2276 1098 2372 jacere
1118 2272 1220 2347 fecit.
1241 2272 1323 2347 Post

255 2391 444 2493 paululum
461 2418 548 2465 vero
567 2390 631 2463 ἱΙΙο
648 2390 855 2478 recedente,
874 2391 974 2491 qnasi
996 2391 1041 2464 de
1058 2416 1190 2465 somno
1210 2390 1322 2489 evigi-

254 2510 354 2601 lans,
378 2534 444 2608 per
461 2507 634 2579 virtutem
651 2506 785 2579 Christi
809 2522 846 2579 et
865 2508 993 2579 merita
1015 2504 1205 2581 beatorum
1224 2506 1323 2579 Mar-

254 2641 393 2727 tyrum,
410 2624 526 2724 pnclla
535 2678 547 2715 ,
566 2626 706 2697 cunctis
722 2625 784 2725 qui
802 2623 952 2698 aderant
966 2623 1201 2699 cernentibus
1217 2640 1324 2725 atque

253 2740 489 2827 mirantibus,
518 2767 600 2814 sana
629 2740 808 2831 surrexit,
835 2765 903 2813 nec
930 2755 1013 2839 post
1043 2756 1211 2813 exactum
1237 2764 1259 2811 a
1286 2764 1322 2813 ae

251 2858 455 2935 daemonem
472 2858 582 2931 latine
601 2858 702 2957 loqui
720 2856 864 2956 potuit3
883 2873 924 2929 nt
941 2856 1056 2956 palam
1072 2872 1194 2957 posset
1209 2856 1322 2931 intel-

252 2975 335 3075 ligi,
370 3001 445 3048 non
475 2973 570 3045 illam
600 3000 666 3072 per
692 2999 747 3062 ee,
774 2972 835 3045 sed
860 2971 1065 3047 daemonem
1090 2998 1156 3073 per
1181 2998 1223 3045 os
1245 2974 1321 3071 ejus

250 3092 358 3163 fuisse
379 3090 561 3163 ¹locutum.
582 3088 677 3163 Heni
706 3086 800 3188 proh
820 3086 948 3163 dolor!
968 3086 1013 3161 ad
1036 3103 1190 3189 quantas
1217 3088 1321 3163 miae·

250 3210 319 3281 rias
331 3224 493 3307 tempora
508 3222 629 3280 nostra
647 3223 733 3280 sunt
745 3205 934 3294 devoluta,
948 3203 1129 3306 inquibus
1141 3232 1217 3281 non
1228 3202 1318 3281 boni

250 3323 434 3408 homines,
449 3322 509 3397 sed
526 3324 610 3397 mali
627 3323 811 3399 daemones
826 3323 994 3399 doctores
1009 3338 1115 3409 cunt3
1135 3339 1172 3397 et
1190 3324 1317 3399 incen-

251 3457 346 3517 tores
373 3439 545 3512 vitiorum
576 3467 616 3512 ac
645 3467 871 3541 persuasores
900 3440 1098 3513 criminum
1124 3439 1169 3513 dc
1192 3456 1319 3515 nostra

247 3585 314 3633 nos
328 3558 554 3632 correctione
572 3576 821 3634 commonent.

291 4150 350 4219 52.
380 4142 517 4216 Eodem
540 4140 615 4215 sere
639 4156 802 4240 tempore
820 4142 1103 4216 sanctimonialis
1121 4140 1310 4242 quodam,
