3166 5280
255 461 315 523 164
541 463 590 520 ΑΙ)
613 459 806 520 ElNllAllDl
830 460 1032 523 Ettsrorss

255 582 322 650 sato
336 582 518 649 dictumest
532 580 701 673 Apostolo,
711 583 804 649 vobis
816 608 1006 675 responsum
1018 585 1157 675 accipite
1171 612 1180 652 ι
1197 587 1305 654 «suffi-

255 702 299 766 cit
311 700 369 767 tibi
384 701 487 788 gratia
501 723 585 779 mea,
601 724 675 766 narn
691 701 791 766 virtus
805 703 838 767 in
855 701 1042 768 infirmitate
1052 701 1223 793 perficitur
1231 703 1304 797 (1)».

253 819 287 885 si
310 817 442 908 quidem
462 832 494 884 et
517 819 584 909 ipse
609 841 781 884 moerorem
805 821 930 910 scriptae
951 819 1127 900 orationis,
1152 821 1181 887 si
1200 822 1308 912 quisei

250 934 403 1001 subortus
423 934 550 1013 luerat,
577 934 639 999 hoc
668 933 854 1002 admonitus
878 934 1012 1002 oraculo
1035 933 1126 1002 aliud
1153 952 1307 1029 oportere,

249 1050 410 1142 deposuit.
420 1049 619 1139 Hujusmodi
637 1052 807 1142 praeceptis
819 1066 852 1117 et
866 1051 1021 1143 exemplis
1031 1076 1131 1121 sacrae
1146 1052 1310 1146 Scriptura

249 1165 391 1257 capitula
410 1165 608 1231 exuberant:
626 1189 715 1255 quaa,
739 1167 915 1256 quoniam,
933 1181 970 1233 ut
987 1168 1126 1257 insignis
1140 1169 1189 1235 ait
1204 1170 1309 1249 Poetr,

251 1305 338 1348 «non
352 1283 499 1349 canimus
511 1279 618 1347 surdis
638 1280 684 1374 (a)
700 1310 733 1362 n,
750 1281 994 1374 epistolarisque
1009 1298 1135 1352 coartat
1151 1287 1311 1377 augustia,

248 1398 453 1488 praeteriens,
480 1397 572 1463 vobis
596 1396 835 1464 consideranda
864 1399 1027 1490 relinquo.
1056 1400 1234 1470 suffecerit
1255 1402 1312 1471 het

249 1529 375 1581 tanturn
387 1515 546 1604 tetigisse,
560 1538 632 1605 quae
646 1512 714 1579 sola
730 1529 857 1605 recepta
874 1512 1017 1582 vulneris
1029 1514 1130 1605 hujus
1144 1530 1314 1595 tumorem,

247 1645 408 1721 quantum
426 1654 497 1696 mea
511 1629 577 1696 lert
594 1630 725 1720 opinio,
743 1627 885 1696 mulcere
908 1644 1004 1721 atque
1024 1629 1146 1714 lenire,
1164 1631 1315 1723 largiente

250 1749 411 1826 Domino,
430 1762 596 1838 poterunt.
615 1745 815 1836 Quanquam
841 1746 923 1813 mihi
942 1745 1044 1814 multa
1064 1747 1211 1815 volventi
1233 1748 1315 1815 aliud

248 1865 347 1928 etiam
372 1877 538 1941 occurrat,
558 1859 648 1952 quod
672 1861 735 1927 hoc
751 1863 812 1928 Dei
832 1860 996 1950 judicium
1019 1860 1201 1931 clementie
1224 1887 1316 1956 quarn

251 1978 426 2046 iracundiae
451 1978 555 2044 rideri
584 1979 682 2067 possit
717 1979 928 2046 certissimum
954 1978 1204 2048 documentum.
1239 1982 1316 2047 Nam

250 2099 329 2186 quia
348 2126 363 2160 a
381 2095 521 2186 flagellat
535 2119 665 2161 omnem
684 2093 786 2161 filium
806 2120 904 2185 quern
923 2098 1036 2187 recipit
1054 2096 1103 2190 (3)
1115 2124 1149 2175 rr,
1166 2097 1317 2167 affectum

251 2229 394 2281 restrum
413 2214 447 2278 in
470 2212 579 2277 uxoris
602 2234 712 2277 amore
732 2209 868 2277 forsitan
890 2211 1090 2279 subdivisum
1107 2236 1175 2280 non
1192 2238 1316 2306 passus,

255 2333 360 2424 putari
375 2342 477 2421 potest
489 2328 529 2395 ad
546 2352 579 2394 se
592 2327 696 2394 solum
711 2327 885 2394 amandum
906 2330 1121 2407 revocavisse,
1139 2353 1180 2397 ac
1198 2328 1318 2423 siquid

253 2449 325 2537 ejus
347 2447 476 2537 corpori
507 2447 757 2535 intemperanter
782 2443 949 2535 diligendo
976 2444 1048 2537 plus
1071 2447 1162 2537 justo
1186 2469 1207 2515 a
1231 2447 1319 2515 robis

256 2561 419 2630 indultum
443 2561 567 2641 suerat,
594 2559 740 2649 ejusdem
764 2562 910 2652 corporis
930 2561 1151 2633 subtractione
1164 2564 1316 2656 puniisse.

256 2682 405 2771 Cumque
421 2704 479 2773 per
496 2678 692 2770 Prophetam
706 2677 873 2768 loquitur:
895 2680 998 2747 «Non
1015 2695 1192 2771 consurget
1204 2681 1320 2773 duplex

255 2794 511 2886 tribulatio(4)n,
525 2793 613 2884 quod
622 2794 726 2859 LXX.
739 2795 950 2885 interpretum
965 2796 1011 2863 sic
1022 2797 1176 2887 expressit
1188 2797 1320 2865 transla-

255 2917 318 2981 tio:
331 2941 345 2975 n
354 2913 428 2977 Non
437 2910 662 2999 judicatDeus
671 2909 719 2974 bis
733 2910 766 2974 in
780 2907 955 3000 idipsum»,
965 2912 1019 2979 hic
1026 2912 1202 2982 emendare
1208 2912 1321 3005 digna·

257 3045 308 3095 tus
323 3044 389 3108 est,
408 3024 498 3117 quod
510 3040 546 3091 ut
558 3025 657 3090 bomo
675 3026 868 3108 excessistis,
879 3066 924 3078 -
936 3051 1030 3094 nemo
1044 3029 1133 3096 euim
1145 3030 1319 3099 mnndusr

257 3142 439 3209 sorde-ne
451 3138 531 3230 quid
544 3140 675 3227 gravius
683 3140 779 3205 invos
791 3142 987 3233 quandoque
997 3142 1197 3214 decerneret.
1210 3146 1320 3241 Quare

258 3261 320 3327 Dei
337 3255 488 3351 amplecti
504 3255 627 3322 debetis
642 3257 832 3323 immensam
847 3259 1016 3351 pietatem,
1033 3260 1092 3351 qui
1107 3284 1165 3329 vos
1180 3286 1239 3330 sna
1251 3263 1322 3353 dig*

260 3400 318 3442 uos
332 3373 528 3464 judicaverit
545 3372 759 3453 correctione,
776 3396 873 3462 quarn
891 3372 1046 3440 offensam
1063 3375 1321 3453 metuermdisci-

259 3490 355 3583 plinae
387 3487 474 3555 illius
493 3487 626 3554 verbera
649 3490 852 3556 sustinentes.
874 3489 988 3571 «Fili,
1016 3490 1123 3581 inquit
1148 3492 1319 3573 Salomon,

256 3609 328 3677 noli
343 3607 481 3673 deficere
493 3631 511 3671 a
528 3604 697 3696 disciplina
709 3607 856 3684 Domini,
870 3621 902 3672 et
915 3630 955 3672 ne
965 3604 1131 3696 fatigeris,
1143 3633 1220 3677 cum
1231 3611 1319 3678 abeo

292 3935 331 4003 (ι)
349 3931 393 3987 Cf.
410 3929 487 3983 Paul.
503 3927 537 3982 ad
548 3929 613 3982 Cor.
626 3928 663 3991 ll,
675 3946 722 3993 ru,
736 3948 763 4000 9.

294 4035 332 4102 (a)
352 4031 434 4100 Virg.
451 4027 514 4100 Egi.
531 4045 570 4079 ro.

293 4127 331 4197 (3)
349 4128 393 4182 Cf.
407 4123 483 4180 Paul.
499 4123 533 4178 ad
545 4123 629 4177 Hebe.
644 4139 690 4189 ιιι,
705 4120 730 4174 (i.

294 4231 332 4297 (l)
351 4226 396 4282 Cf.
408 4224 506 4278 ll'anrn.
524 4221 729 4294 r.9(l'ulgat.)
