<?xml version="1.0" encoding="UTF-8"?>
<!DOCTYPE html PUBLIC "-//W3C//DTD XHTML 1.0 Transitional//EN"
    "http://www.w3.org/TR/xhtml1/DTD/xhtml1-transitional.dtd">
<html xmlns="http://www.w3.org/1999/xhtml" xml:lang="en" lang="en">
 <head>
  <title>
</title>
<meta http-equiv="Content-Type" content="text/html;charset=utf-8" />
  <meta name='ocr-system' content='tesseract 3.04.00' />
  <meta name='ocr-capabilities' content='ocr_page ocr_carea ocr_par ocr_line ocrx_word'/>
</head>
<body>
  <div class='ocr_page' id='page_1' title='image "./einhardiomniaqu00einhgoog_0043.png"; bbox 0 0 3090 5302; ppageno 0'>
   <div class='ocr_carea' id='block_1_1' title="bbox 234 432 1303 664">
    <p class='ocr_par' dir='ltr' id='par_1_1' title="bbox 234 432 1303 664">
     <span class='ocr_line' id='line_1_1' title="bbox 239 432 986 501; baseline -0.003 0"><span class='ocrx_word' id='word_1_1' title='bbox 239 442 279 501; x_wconf 66' lang='lat'>⁶26</span> <span class='ocrx_word' id='word_1_2' title='bbox 563 432 758 495; x_wconf 78' lang='lat' dir='ltr'>Ettttisttm</span> <span class='ocrx_word' id='word_1_3' title='bbox 780 433 986 499; x_wconf 66' lang='lat' dir='ltr'>tristem.</span> 
     </span>
     <span class='ocr_line' id='line_1_2' title="bbox 234 556 1303 664; baseline 0.002 -33"><span class='ocrx_word' id='word_1_4' title='bbox 234 586 320 631; x_wconf 90' lang='lat' dir='ltr'>cum</span> <span class='ocrx_word' id='word_1_5' title='bbox 334 585 395 630; x_wconf 86' lang='lat' dir='ltr'>sna</span> <span class='ocrx_word' id='word_1_6' title='bbox 411 576 449 632; x_wconf 90' lang='lat' dir='ltr'>et</span> <span class='ocrx_word' id='word_1_7' title='bbox 467 575 527 630; x_wconf 86' lang='lat' dir='ltr'>tua</span> <span class='ocrx_word' id='word_1_8' title='bbox 542 558 675 658; x_wconf 82' lang='lat' dir='ltr'>gratia,</span> <span class='ocrx_word' id='word_1_9' title='bbox 696 556 869 633; x_wconf 80' lang='lat' dir='ltr'>seminam</span> <span class='ocrx_word' id='word_1_10' title='bbox 887 561 1003 651; x_wconf 89' lang='lat' dir='ltr'>illam,</span> <span class='ocrx_word' id='word_1_11' title='bbox 1020 587 1131 664; x_wconf 89' lang='lat' dir='ltr'>quam</span> <span class='ocrx_word' id='word_1_12' title='bbox 1148 562 1303 660; x_wconf 85' lang='lat' dir='ltr'>aooepit,</span> 
     </span>
    </p>
   </div>
   <div class='ocr_carea' id='block_1_2' title="bbox 238 672 1273 782">
    <p class='ocr_par' dir='ltr' id='par_1_2' title="bbox 238 672 1273 782">
     <span class='ocr_line' id='line_1_3' title="bbox 238 672 1273 782; baseline 0.001 -37"><span class='ocrx_word' id='word_1_13' title='bbox 238 673 382 748; x_wconf 82' lang='lat' dir='ltr'>habere.</span> <span class='ocrx_word' id='word_1_14' title='bbox 400 674 500 774; x_wconf 81' lang='lat' dir='ltr'>Opto</span> <span class='ocrx_word' id='word_1_15' title='bbox 517 687 559 745; x_wconf 91' lang='lat' dir='ltr'>ut</span> <span class='ocrx_word' id='word_1_16' title='bbox 574 699 716 773; x_wconf 81' lang='lat' dir='ltr'><strong>semper</strong></span> <span class='ocrx_word' id='word_1_17' title='bbox 733 672 986 751; x_wconf 81' lang='lat' dir='ltr'>benevolentis</span> <span class='ocrx_word' id='word_1_18' title='bbox 1002 678 1067 782; x_wconf 82' lang='lat' dir='ltr'>[in</span> <span class='ocrx_word' id='word_1_19' title='bbox 1083 676 1273 774; x_wconf 67' lang='lat' dir='ltr'>Domino}</span> 
     </span>
    </p>
   </div>
   <div class='ocr_carea' id='block_1_3' title="bbox 464 906 1209 1005">
    <p class='ocr_par' dir='ltr' id='par_1_3' title="bbox 464 906 1209 1005">
     <span class='ocr_line' id='line_1_4' title="bbox 464 906 1209 1005; baseline 0.003 -37"><span class='ocrx_word' id='word_1_20' title='bbox 464 906 550 968; x_wconf 86' lang='lat' dir='ltr'><strong>XVI.</strong></span> <span class='ocrx_word' id='word_1_21' title='bbox 574 907 626 966; x_wconf 74' lang='lat' dir='ltr'>AD</span> <span class='ocrx_word' id='word_1_22' title='bbox 648 906 869 968; x_wconf 71' lang='lat' dir='ltr'>nsssonsts</span> <span class='ocrx_word' id='word_1_23' title='bbox 891 908 1089 971; x_wconf 74' lang='lat' dir='ltr'>comm.</span> <span class='ocrx_word' id='word_1_24' title='bbox 1202 985 1209 1005; x_wconf 37' lang='grc' dir='ltr'>ι</span> 
     </span>
    </p>
   </div>
   <div class='ocr_carea' id='block_1_4' title="bbox 693 1067 843 1127">
    <p class='ocr_par' dir='ltr' id='par_1_4' title="bbox 693 1067 843 1127">
     <span class='ocr_line' id='line_1_5' title="bbox 693 1067 843 1127; baseline 0.007 -1"><span class='ocrx_word' id='word_1_25' title='bbox 693 1067 737 1126; x_wconf 84' lang='lat' dir='ltr'>Dc</span> <span class='ocrx_word' id='word_1_26' title='bbox 757 1069 843 1127; x_wconf 82' lang='lat' dir='ltr'>venis</span> 
     </span>
    </p>
   </div>
   <div class='ocr_carea' id='block_1_5' title="bbox 242 1228 1320 2355">
    <p class='ocr_par' dir='ltr' id='par_1_5' title="bbox 242 1228 1320 2355">
     <span class='ocr_line' id='line_1_6' title="bbox 292 1228 1312 1327; baseline 0 -25"><span class='ocrx_word' id='word_1_27' title='bbox 292 1229 533 1303; x_wconf 80' lang='lat' dir='ltr'>Dilectissimo</span> <span class='ocrx_word' id='word_1_28' title='bbox 543 1228 663 1301; x_wconf 91' lang='lat' dir='ltr'>amico</span> <span class='ocrx_word' id='word_1_29' title='bbox 679 1243 806 1302; x_wconf 85' lang='lat' dir='ltr'>nostro</span> <span class='ocrx_word' id='word_1_30' title='bbox 822 1228 988 1315; x_wconf 86' lang='lat' dir='ltr'>llattoni,</span> <span class='ocrx_word' id='word_1_31' title='bbox 1002 1228 1162 1327; x_wconf 85' lang='lat' dir='ltr'>glorioso</span> <span class='ocrx_word' id='word_1_32' title='bbox 1174 1231 1312 1317; x_wconf 87' lang='lat' dir='ltr'>comiti,</span> 
     </span>
     <span class='ocr_line' id='line_1_7' title="bbox 243 1343 1315 1449; baseline 0.001 -30"><span class='ocrx_word' id='word_1_33' title='bbox 243 1343 444 1420; x_wconf 80' lang='lat' dir='ltr'>Einhardus</span> <span class='ocrx_word' id='word_1_34' title='bbox 467 1360 642 1418; x_wconf 84' lang='lat' dir='ltr'>aeternam</span> <span class='ocrx_word' id='word_1_35' title='bbox 666 1345 703 1418; x_wconf 92' lang='lat' dir='ltr'>in</span> <span class='ocrx_word' id='word_1_36' title='bbox 726 1345 886 1449; x_wconf 87' lang='lat' dir='ltr'>Domino</span> <span class='ocrx_word' id='word_1_37' title='bbox 905 1345 1071 1420; x_wconf 87' lang='lat' dir='ltr'>salutem.</span> <span class='ocrx_word' id='word_1_38' title='bbox 1093 1345 1315 1440; x_wconf 86' lang='lat' dir='ltr'>-Quidam</span> 
     </span>
     <span class='ocr_line' id='line_1_8' title="bbox 242 1463 1317 1552; baseline 0.002 -14"><span class='ocrx_word' id='word_1_39' title='bbox 242 1464 356 1540; x_wconf 89' lang='lat' dir='ltr'>homo</span> <span class='ocrx_word' id='word_1_40' title='bbox 373 1479 504 1551; x_wconf 82' lang='lat' dir='ltr'>vester,</span> <span class='ocrx_word' id='word_1_41' title='bbox 518 1465 669 1539; x_wconf 89' lang='lat' dir='ltr'>nomine</span> <span class='ocrx_word' id='word_1_42' title='bbox 683 1465 840 1552; x_wconf 89' lang='lat' dir='ltr'>Hunno,</span> <span class='ocrx_word' id='word_1_43' title='bbox 855 1464 956 1539; x_wconf 82' lang='lat' dir='ltr'>venit</span> <span class='ocrx_word' id='word_1_44' title='bbox 970 1463 1015 1536; x_wconf 84' lang='lat' dir='ltr'>ad</span> <span class='ocrx_word' id='word_1_45' title='bbox 1031 1463 1157 1537; x_wconf 85' lang='lat' dir='ltr'>limina</span> <span class='ocrx_word' id='word_1_46' title='bbox 1170 1481 1317 1540; x_wconf 83' lang='lat' dir='ltr'>sancto-</span> 
     </span>
     <span class='ocr_line' id='line_1_9' title="bbox 242 1579 1317 1681; baseline 0.004 -27"><span class='ocrx_word' id='word_1_47' title='bbox 242 1609 327 1654; x_wconf 89' lang='lat' dir='ltr'>rum</span> <span class='ocrx_word' id='word_1_48' title='bbox 352 1579 553 1654; x_wconf 85' lang='lat' dir='ltr'>Marcellini</span> <span class='ocrx_word' id='word_1_49' title='bbox 582 1596 619 1655; x_wconf 90' lang='lat' dir='ltr'>et</span> <span class='ocrx_word' id='word_1_50' title='bbox 644 1581 763 1673; x_wconf 88' lang='lat' dir='ltr'>Petri,</span> <span class='ocrx_word' id='word_1_51' title='bbox 791 1582 931 1655; x_wconf 83' lang='lat' dir='ltr'>veniam</span> <span class='ocrx_word' id='word_1_52' title='bbox 964 1580 1150 1681; x_wconf 84' lang='lat' dir='ltr'>postulans</span> <span class='ocrx_word' id='word_1_53' title='bbox 1178 1607 1249 1681; x_wconf 82' lang='lat' dir='ltr'>pm</span> <span class='ocrx_word' id='word_1_54' title='bbox 1275 1607 1317 1658; x_wconf 80' lang='lat' dir='ltr'>eo</span> 
     </span>
     <span class='ocr_line' id='line_1_10' title="bbox 243 1695 1316 1801; baseline 0.001 -30"><span class='ocrx_word' id='word_1_55' title='bbox 243 1700 342 1801; x_wconf 89' lang='lat' dir='ltr'>quod</span> <span class='ocrx_word' id='word_1_56' title='bbox 370 1725 580 1772; x_wconf 85' lang='lat' dir='ltr'>conservam</span> <span class='ocrx_word' id='word_1_57' title='bbox 610 1725 737 1787; x_wconf 89' lang='lat' dir='ltr'>suam,</span> <span class='ocrx_word' id='word_1_58' title='bbox 770 1698 937 1771; x_wconf 83' lang='lat' dir='ltr'>ancillam</span> <span class='ocrx_word' id='word_1_59' title='bbox 968 1715 1149 1790; x_wconf 84' lang='lat' dir='ltr'>vestram,</span> <span class='ocrx_word' id='word_1_60' title='bbox 1180 1695 1249 1772; x_wconf 90' lang='lat' dir='ltr'>sibi</span> <span class='ocrx_word' id='word_1_61' title='bbox 1280 1698 1316 1772; x_wconf 86' lang='lat' dir='ltr'>iu</span> 
     </span>
     <span class='ocr_line' id='line_1_11' title="bbox 243 1813 1317 1916; baseline -0.001 -26"><span class='ocrx_word' id='word_1_62' title='bbox 243 1817 457 1915; x_wconf 87' lang='lat' dir='ltr'>conjugium</span> <span class='ocrx_word' id='word_1_63' title='bbox 475 1817 643 1890; x_wconf 82' lang='lat' dir='ltr'>sociasset</span> <span class='ocrx_word' id='word_1_64' title='bbox 656 1816 733 1888; x_wconf 88' lang='lat' dir='ltr'>sine</span> <span class='ocrx_word' id='word_1_65' title='bbox 750 1832 868 1888; x_wconf 85' lang='lat' dir='ltr'>vestra</span> <span class='ocrx_word' id='word_1_66' title='bbox 887 1816 1060 1913; x_wconf 88' lang='lat' dir='ltr'>jussione.</span> <span class='ocrx_word' id='word_1_67' title='bbox 1081 1817 1236 1916; x_wconf 78' lang='lat' dir='ltr'>Propter</span> <span class='ocrx_word' id='word_1_68' title='bbox 1251 1813 1317 1889; x_wconf 88' lang='lat' dir='ltr'>hoc</span> 
     </span>
     <span class='ocr_line' id='line_1_12' title="bbox 244 1930 1319 2033; baseline 0.001 -28"><span class='ocrx_word' id='word_1_69' title='bbox 244 1958 434 2031; x_wconf 76' lang='lat' dir='ltr'>precamur</span> <span class='ocrx_word' id='word_1_70' title='bbox 451 1930 715 2029; x_wconf 77' lang='lat' dir='ltr'>benignitatem</span> <span class='ocrx_word' id='word_1_71' title='bbox 733 1947 888 2004; x_wconf 81' lang='lat' dir='ltr'>vestram</span> <span class='ocrx_word' id='word_1_72' title='bbox 904 1947 948 2003; x_wconf 89' lang='lat' dir='ltr'>nt</span> <span class='ocrx_word' id='word_1_73' title='bbox 963 1957 984 2006; x_wconf 86' lang='lat' dir='ltr'>a</span> <span class='ocrx_word' id='word_1_74' title='bbox 1001 1931 1106 2008; x_wconf 80' lang='lat' dir='ltr'>robis</span> <span class='ocrx_word' id='word_1_75' title='bbox 1127 1931 1319 2033; x_wconf 79' lang='lat' dir='ltr'>indulgm-</span> 
     </span>
     <span class='ocr_line' id='line_1_13' title="bbox 245 2046 1320 2148; baseline -0.001 -28"><span class='ocrx_word' id='word_1_76' title='bbox 245 2051 332 2121; x_wconf 88' lang='lat' dir='ltr'>tiam</span> <span class='ocrx_word' id='word_1_77' title='bbox 347 2047 392 2121; x_wconf 90' lang='lat' dir='ltr'>de</span> <span class='ocrx_word' id='word_1_78' title='bbox 408 2046 477 2122; x_wconf 89' lang='lat' dir='ltr'>hoc</span> <span class='ocrx_word' id='word_1_79' title='bbox 492 2047 590 2121; x_wconf 84' lang='lat' dir='ltr'>facto</span> <span class='ocrx_word' id='word_1_80' title='bbox 602 2050 788 2148; x_wconf 81' lang='lat' dir='ltr'>percipere</span> <span class='ocrx_word' id='word_1_81' title='bbox 801 2074 917 2122; x_wconf 85' lang='lat' dir='ltr'>merea</span> <span class='ocrx_word' id='word_1_82' title='bbox 923 2063 1000 2137; x_wconf 90' lang='lat' dir='ltr'>tur,</span> <span class='ocrx_word' id='word_1_83' title='bbox 1020 2051 1048 2121; x_wconf 94' lang='lat' dir='ltr'>si</span> <span class='ocrx_word' id='word_1_84' title='bbox 1062 2048 1235 2122; x_wconf 87' lang='lat' dir='ltr'>delictum</span> <span class='ocrx_word' id='word_1_85' title='bbox 1247 2051 1320 2148; x_wconf 85' lang='lat' dir='ltr'>ejus</span> 
     </span>
     <span class='ocr_line' id='line_1_14' title="bbox 247 2163 1319 2266; baseline 0 -29"><span class='ocrx_word' id='word_1_86' title='bbox 247 2173 348 2240; x_wconf 85' lang='lat' dir='ltr'>venia</span> <span class='ocrx_word' id='word_1_87' title='bbox 366 2166 518 2266; x_wconf 83' lang='lat' dir='ltr'>dignum</span> <span class='ocrx_word' id='word_1_88' title='bbox 535 2163 646 2237; x_wconf 85' lang='lat' dir='ltr'>suerit</span> <span class='ocrx_word' id='word_1_89' title='bbox 671 2166 875 2239; x_wconf 81' lang='lat' dir='ltr'>inventum.</span> <span class='ocrx_word' id='word_1_90' title='bbox 897 2163 994 2265; x_wconf 87' lang='lat' dir='ltr'>Opto</span> <span class='ocrx_word' id='word_1_91' title='bbox 1012 2179 1053 2238; x_wconf 87' lang='lat' dir='ltr'>nt</span> <span class='ocrx_word' id='word_1_92' title='bbox 1070 2191 1212 2265; x_wconf 78' lang='lat' dir='ltr'>semper</span> <span class='ocrx_word' id='word_1_93' title='bbox 1228 2164 1319 2239; x_wconf 89' lang='lat' dir='ltr'>bene</span> 
     </span>
     <span class='ocr_line' id='line_1_15' title="bbox 248 2280 638 2355; baseline -0.003 -4"><span class='ocrx_word' id='word_1_94' title='bbox 248 2281 391 2355; x_wconf 81' lang='lat' dir='ltr'>valeatis</span> <span class='ocrx_word' id='word_1_95' title='bbox 410 2281 448 2354; x_wconf 92' lang='lat' dir='ltr'>in</span> <span class='ocrx_word' id='word_1_96' title='bbox 466 2280 638 2354; x_wconf 88' lang='lat' dir='ltr'>Domino.</span> 
     </span>
    </p>
   </div>
   <div class='ocr_carea' id='block_1_6' title="bbox 468 2633 1105 2698">
    <p class='ocr_par' dir='ltr' id='par_1_6' title="bbox 468 2633 1105 2698">
     <span class='ocr_line' id='line_1_16' title="bbox 468 2633 1105 2698; baseline 0 -3"><span class='ocrx_word' id='word_1_97' title='bbox 468 2633 569 2695; x_wconf 85' lang='lat' dir='ltr'>xvll.</span> <span class='ocrx_word' id='word_1_98' title='bbox 593 2634 645 2696; x_wconf 80' lang='lat' dir='ltr'>AD</span> <span class='ocrx_word' id='word_1_99' title='bbox 666 2634 889 2697; x_wconf 76' lang='lat' dir='ltr'>nnsnsttttn</span> <span class='ocrx_word' id='word_1_100' title='bbox 911 2636 1105 2698; x_wconf 68' lang='lat' dir='ltr'>lenirem.</span> 
     </span>
    </p>
   </div>
   <div class='ocr_carea' id='block_1_7' title="bbox 249 2795 1328 4075">
    <p class='ocr_par' dir='ltr' id='par_1_7' title="bbox 249 2795 1328 4075">
     <span class='ocr_line' id='line_1_17' title="bbox 300 2795 1322 2888; baseline -0.001 -18"><span class='ocrx_word' id='word_1_101' title='bbox 300 2798 604 2873; x_wconf 82' lang='lat' dir='ltr'>Reverentissimo</span> <span class='ocrx_word' id='word_1_102' title='bbox 615 2795 750 2870; x_wconf 81' lang='lat' dir='ltr'>Christi</span> <span class='ocrx_word' id='word_1_103' title='bbox 766 2796 905 2872; x_wconf 82' lang='lat' dir='ltr'>samolo</span> <span class='ocrx_word' id='word_1_104' title='bbox 920 2796 1091 2873; x_wconf 85' lang='lat' dir='ltr'>llrahano</span> <span class='ocrx_word' id='word_1_105' title='bbox 1099 2853 1111 2888; x_wconf 95' lang='lat'>,</span> <span class='ocrx_word' id='word_1_106' title='bbox 1127 2796 1322 2874; x_wconf 79' lang='lat' dir='ltr'>versenbili</span> 
     </span>
     <span class='ocr_line' id='line_1_18' title="bbox 249 2912 1322 3014; baseline 0.003 -29"><span class='ocrx_word' id='word_1_107' title='bbox 249 2913 393 3002; x_wconf 87' lang='lat' dir='ltr'>abbati,</span> <span class='ocrx_word' id='word_1_108' title='bbox 412 2912 618 2988; x_wconf 86' lang='lat' dir='ltr'>Einhardus</span> <span class='ocrx_word' id='word_1_109' title='bbox 634 2931 873 3014; x_wconf 78' lang='lat' dir='ltr'>peomtor.-</span> <span class='ocrx_word' id='word_1_110' title='bbox 885 2914 1040 3009; x_wconf 86' lang='lat' dir='ltr'>Quidam</span> <span class='ocrx_word' id='word_1_111' title='bbox 1057 2913 1170 2991; x_wconf 87' lang='lat' dir='ltr'>homo</span> <span class='ocrx_word' id='word_1_112' title='bbox 1188 2930 1322 3001; x_wconf 81' lang='lat' dir='ltr'>vester,</span> 
     </span>
     <span class='ocr_line' id='line_1_19' title="bbox 252 3031 1325 3135; baseline 0.003 -30"><span class='ocrx_word' id='word_1_113' title='bbox 252 3033 401 3107; x_wconf 91' lang='lat' dir='ltr'>nomine</span> <span class='ocrx_word' id='word_1_114' title='bbox 415 3031 652 3107; x_wconf 88' lang='lat' dir='ltr'>Gundhartus</span> <span class='ocrx_word' id='word_1_115' title='bbox 661 3086 674 3122; x_wconf 94' lang='lat'>,</span> <span class='ocrx_word' id='word_1_116' title='bbox 691 3034 834 3133; x_wconf 79' lang='lat' dir='ltr'>rogavit</span> <span class='ocrx_word' id='word_1_117' title='bbox 849 3060 915 3108; x_wconf 89' lang='lat' dir='ltr'>nos</span> <span class='ocrx_word' id='word_1_118' title='bbox 926 3060 997 3134; x_wconf 88' lang='lat' dir='ltr'>pro</span> <span class='ocrx_word' id='word_1_119' title='bbox 1014 3060 1052 3108; x_wconf 90' lang='lat' dir='ltr'>se</span> <span class='ocrx_word' id='word_1_120' title='bbox 1064 3032 1160 3135; x_wconf 87' lang='lat' dir='ltr'>apud</span> <span class='ocrx_word' id='word_1_121' title='bbox 1171 3051 1325 3108; x_wconf 77' lang='lat' dir='ltr'>vestrm</span> 
     </span>
     <span class='ocr_line' id='line_1_20' title="bbox 252 3149 1323 3238; baseline 0.003 -18"><span class='ocrx_word' id='word_1_122' title='bbox 252 3149 481 3222; x_wconf 86' lang='lat' dir='ltr'>sanctitatem</span> <span class='ocrx_word' id='word_1_123' title='bbox 504 3149 747 3238; x_wconf 87' lang='lat' dir='ltr'>intercedere,</span> <span class='ocrx_word' id='word_1_124' title='bbox 774 3166 838 3238; x_wconf 90' lang='lat' dir='ltr'>ut,</span> <span class='ocrx_word' id='word_1_125' title='bbox 860 3152 938 3225; x_wconf 88' lang='lat' dir='ltr'>sine</span> <span class='ocrx_word' id='word_1_126' title='bbox 961 3151 1162 3228; x_wconf 81' lang='lat' dir='ltr'>offensione</span> <span class='ocrx_word' id='word_1_127' title='bbox 1183 3165 1323 3237; x_wconf 72' lang='lat' dir='ltr'>vestra,</span> 
     </span>
     <span class='ocr_line' id='line_1_21' title="bbox 254 3262 1323 3366; baseline 0.007 -31"><span class='ocrx_word' id='word_1_128' title='bbox 254 3262 366 3339; x_wconf 92' lang='lat' dir='ltr'>immo</span> <span class='ocrx_word' id='word_1_129' title='bbox 393 3292 477 3339; x_wconf 88' lang='lat' dir='ltr'>cum</span> <span class='ocrx_word' id='word_1_130' title='bbox 502 3267 616 3366; x_wconf 80' lang='lat' dir='ltr'>gratia</span> <span class='ocrx_word' id='word_1_131' title='bbox 644 3283 778 3355; x_wconf 81' lang='lat' dir='ltr'>vestra,</span> <span class='ocrx_word' id='word_1_132' title='bbox 803 3267 872 3341; x_wconf 88' lang='lat' dir='ltr'>sibi</span> <span class='ocrx_word' id='word_1_133' title='bbox 896 3268 1002 3343; x_wconf 88' lang='lat' dir='ltr'>liceat</span> <span class='ocrx_word' id='word_1_134' title='bbox 1023 3270 1094 3344; x_wconf 87' lang='lat' dir='ltr'>iter</span> <span class='ocrx_word' id='word_1_135' title='bbox 1113 3268 1323 3354; x_wconf 82' lang='lat' dir='ltr'>exercitale,</span> 
     </span>
     <span class='ocr_line' id='line_1_22' title="bbox 252 3383 1327 3485; baseline 0.002 -30"><span class='ocrx_word' id='word_1_136' title='bbox 252 3385 352 3485; x_wconf 91' lang='lat' dir='ltr'>quod</span> <span class='ocrx_word' id='word_1_137' title='bbox 378 3383 547 3483; x_wconf 82' lang='lat' dir='ltr'>praescnti</span> <span class='ocrx_word' id='word_1_138' title='bbox 572 3400 737 3484; x_wconf 90' lang='lat' dir='ltr'>tempore</span> <span class='ocrx_word' id='word_1_139' title='bbox 757 3385 936 3485; x_wconf 47' lang='lat' dir='ltr'>Qndum</span> <span class='ocrx_word' id='word_1_140' title='bbox 959 3403 1036 3474; x_wconf 84' lang='lat' dir='ltr'>est,</span> <span class='ocrx_word' id='word_1_141' title='bbox 1062 3386 1259 3473; x_wconf 79' lang='lat' dir='ltr'>omittere,</span> <span class='ocrx_word' id='word_1_142' title='bbox 1286 3408 1327 3457; x_wconf 86' lang='lat' dir='ltr'>sc</span> 
     </span>
     <span class='ocr_line' id='line_1_23' title="bbox 253 3501 1328 3598; baseline 0.004 -26"><span class='ocrx_word' id='word_1_143' title='bbox 253 3501 352 3574; x_wconf 91' lang='lat' dir='ltr'>domi</span> <span class='ocrx_word' id='word_1_144' title='bbox 368 3525 554 3573; x_wconf 79' lang='lat' dir='ltr'>remanere</span> <span class='ocrx_word' id='word_1_145' title='bbox 569 3502 646 3598; x_wconf 75' lang='lat' dir='ltr'>(r),</span> <span class='ocrx_word' id='word_1_146' title='bbox 662 3527 820 3576; x_wconf 81' lang='lat' dir='ltr'>asserens</span> <span class='ocrx_word' id='word_1_147' title='bbox 833 3528 870 3577; x_wconf 91' lang='lat' dir='ltr'>se</span> <span class='ocrx_word' id='word_1_148' title='bbox 886 3502 930 3576; x_wconf 84' lang='lat' dir='ltr'>ad</span> <span class='ocrx_word' id='word_1_149' title='bbox 951 3503 1044 3576; x_wconf 78' lang='lat' dir='ltr'>lianc</span> <span class='ocrx_word' id='word_1_150' title='bbox 1060 3506 1328 3578; x_wconf 86' lang='lat' dir='ltr'>remansionem</span> 
     </span>
     <span class='ocr_line' id='line_1_24' title="bbox 254 3619 1328 3723; baseline -0.001 -32"><span class='ocrx_word' id='word_1_151' title='bbox 254 3646 382 3719; x_wconf 83' lang='lat' dir='ltr'>magna</span> <span class='ocrx_word' id='word_1_152' title='bbox 405 3619 486 3720; x_wconf 82' lang='lat' dir='ltr'>cogi</span> <span class='ocrx_word' id='word_1_153' title='bbox 507 3620 732 3708; x_wconf 86' lang='lat' dir='ltr'>necessitate,</span> <span class='ocrx_word' id='word_1_154' title='bbox 749 3647 819 3721; x_wconf 86' lang='lat' dir='ltr'>pro</span> <span class='ocrx_word' id='word_1_155' title='bbox 839 3647 883 3697; x_wconf 93' lang='lat' dir='ltr'>eo</span> <span class='ocrx_word' id='word_1_156' title='bbox 908 3620 1009 3723; x_wconf 87' lang='lat' dir='ltr'>qnod</span> <span class='ocrx_word' id='word_1_157' title='bbox 1031 3620 1187 3696; x_wconf 85' lang='lat' dir='ltr'>faidosus</span> <span class='ocrx_word' id='word_1_158' title='bbox 1205 3621 1273 3709; x_wconf 93' lang='lat' dir='ltr'>sit,</span> <span class='ocrx_word' id='word_1_159' title='bbox 1291 3633 1328 3691; x_wconf 92' lang='lat' dir='ltr'>et</span> 
     </span>
     <span class='ocr_line' id='line_1_25' title="bbox 254 3736 1325 3841; baseline 0.001 -32"><span class='ocrx_word' id='word_1_160' title='bbox 254 3765 338 3811; x_wconf 91' lang='lat' dir='ltr'>cum</span> <span class='ocrx_word' id='word_1_161' title='bbox 358 3736 512 3810; x_wconf 88' lang='lat' dir='ltr'>inimicis</span> <span class='ocrx_word' id='word_1_162' title='bbox 536 3737 609 3810; x_wconf 90' lang='lat' dir='ltr'>suis</span> <span class='ocrx_word' id='word_1_163' title='bbox 631 3754 669 3811; x_wconf 90' lang='lat' dir='ltr'>et</span> <span class='ocrx_word' id='word_1_164' title='bbox 693 3738 768 3827; x_wconf 89' lang='lat' dir='ltr'>his,</span> <span class='ocrx_word' id='word_1_165' title='bbox 792 3739 857 3841; x_wconf 89' lang='lat' dir='ltr'>qui</span> <span class='ocrx_word' id='word_1_166' title='bbox 880 3740 966 3813; x_wconf 78' lang='lat' dir='ltr'>vitoe</span> <span class='ocrx_word' id='word_1_167' title='bbox 991 3743 1066 3840; x_wconf 88' lang='lat' dir='ltr'>ejus</span> <span class='ocrx_word' id='word_1_168' title='bbox 1091 3738 1325 3824; x_wconf 81' lang='lat' dir='ltr'>insidiantur,</span> 
     </span>
     <span class='ocr_line' id='line_1_26' title="bbox 256 3852 1326 3956; baseline 0.002 -31"><span class='ocrx_word' id='word_1_169' title='bbox 256 3852 324 3927; x_wconf 89' lang='lat' dir='ltr'>hoc</span> <span class='ocrx_word' id='word_1_170' title='bbox 341 3855 409 3927; x_wconf 89' lang='lat' dir='ltr'>iter</span> <span class='ocrx_word' id='word_1_171' title='bbox 421 3879 524 3953; x_wconf 75' lang='lat' dir='ltr'>agere</span> <span class='ocrx_word' id='word_1_172' title='bbox 538 3879 614 3927; x_wconf 91' lang='lat' dir='ltr'>non</span> <span class='ocrx_word' id='word_1_173' title='bbox 627 3855 771 3945; x_wconf 84' lang='lat' dir='ltr'>audeat,</span> <span class='ocrx_word' id='word_1_174' title='bbox 784 3857 985 3956; x_wconf 73' lang='lat' dir='ltr'>presertim</span> <span class='ocrx_word' id='word_1_175' title='bbox 998 3883 1083 3930; x_wconf 88' lang='lat' dir='ltr'>cnm</span> <span class='ocrx_word' id='word_1_176' title='bbox 1097 3856 1162 3932; x_wconf 95' lang='lat' dir='ltr'>illo</span> <span class='ocrx_word' id='word_1_177' title='bbox 1174 3856 1326 3941; x_wconf 87' lang='lat' dir='ltr'>comite,</span> 
     </span>
     <span class='ocr_line' id='line_1_27' title="bbox 255 3970 1328 4075; baseline 0.005 -35"><span class='ocrx_word' id='word_1_178' title='bbox 255 3998 338 4044; x_wconf 88' lang='lat' dir='ltr'>cum</span> <span class='ocrx_word' id='word_1_179' title='bbox 356 3997 432 4072; x_wconf 89' lang='lat' dir='ltr'>quo</span> <span class='ocrx_word' id='word_1_180' title='bbox 450 3973 501 4046; x_wconf 88' lang='lat' dir='ltr'>ire</span> <span class='ocrx_word' id='word_1_181' title='bbox 512 3970 682 4073; x_wconf 87' lang='lat' dir='ltr'>jubetur,</span> <span class='ocrx_word' id='word_1_182' title='bbox 709 4000 818 4075; x_wconf 84' lang='lat' dir='ltr'>quem</span> <span class='ocrx_word' id='word_1_183' title='bbox 840 3974 907 4049; x_wconf 91' lang='lat' dir='ltr'>sibi</span> <span class='ocrx_word' id='word_1_184' title='bbox 925 3974 1015 4051; x_wconf 93' lang='lat' dir='ltr'>dicit</span> <span class='ocrx_word' id='word_1_185' title='bbox 1029 4001 1104 4050; x_wconf 81' lang='lat' dir='ltr'>csse</span> <span class='ocrx_word' id='word_1_186' title='bbox 1125 3972 1328 4049; x_wconf 89' lang='lat' dir='ltr'>inimicissi-</span> 
     </span>
    </p>
   </div>
   <div class='ocr_carea' id='block_1_8' title="bbox 289 4221 555 4290">
    <p class='ocr_par' dir='ltr' id='par_1_8' title="bbox 289 4221 555 4290">
     <span class='ocr_line' id='line_1_28' title="bbox 289 4221 555 4290; baseline 0.011 -17"><span class='ocrx_word' id='word_1_187' title='bbox 289 4223 327 4290; x_wconf 82' lang='lat' dir='ltr'>(t)</span> <span class='ocrx_word' id='word_1_188' title='bbox 348 4221 421 4277; x_wconf 81' lang='lat' dir='ltr'>Edit.</span> <span class='ocrx_word' id='word_1_189' title='bbox 435 4243 555 4280; x_wconf 82' lang='lat' dir='ltr'>manere.</span> 
     </span>
    </p>
   </div>
   <div class='ocr_carea' id='block_1_9' title="bbox 0 0 1578 5302">
    <p class='ocr_par' dir='ltr' id='par_1_9' title="bbox 0 0 1578 5302">
     <span class='ocr_line' id='line_1_29' title="bbox 0 0 1578 5302; baseline 0 0"><span class='ocrx_word' id='word_1_190' title='bbox 0 0 1578 5302; x_wconf 95' lang='lat' dir='ltr'> </span> 
     </span>
    </p>
   </div>
  </div>
 </body>
</html>
