3166 5280
251 453 309 511 122
571 444 764 511 ElNHAllDl
785 448 991 511 Erts‘mtn.

249 667 1037 745 txvttlo).a1>1>nmclruuu1M1>Ettlttttcts
1045 664 1311 728 ctetttanun.

486 827 519 883 lu
532 845 650 901 persona
661 828 849 904 quorumdam
861 829 922 900 ejus
932 827 1077 884 clientum.

296 990 519 1067 Honorando
549 1008 657 1095 atque
685 991 880 1066 sublimato
907 1008 945 1065 et
975 989 1107 1091 spiritu
1133 987 1311 1089 sapientie

248 1106 388 1207 repleto
394 1161 511 1182 ........
536 1110 707 1211 magistro
729 1125 838 1211 atquc
854 1107 1041 1211 praecipuo
1057 1106 1113 1207 (2)
1135 1102 1313 1204 capellano

247 1226 393 1299 domnae
407 1228 657 1328 imperatricis,
670 1226 767 1331 [Nm]
835 1243 871 1303 et
885 1224 968 1326 [N.]
978 1224 1093 1325 (3)...,
1108 1222 1221 1297 vestri
1232 1218 1313 1295 fide

250 1343 300 1417 les
312 1343 491 1437 clientuli,
503 1372 567 1447 per
578 1346 669 1421 hanc
679 1345 845 1420 schedam
856 1343 1041 1447 parvitatis
1051 1356 1203 1429 nostrae,
1215 1366 1314 1415 coro·

250 1490 307 1535 nae
323 1464 380 1563 (4)
390 1462 622 1539 beatitudinis
631 1483 759 1541 vestrae
772 1481 938 1565 optamus
947 1461 1098 1537 salutem
1106 1483 1313 1561 perennem.

248 1622 298 1637 -
311 1580 534 1657 Recordetur
550 1584 693 1660 bonitas
706 1598 821 1658 vestra
834 1581 880 1657 de
895 1608 998 1655 causa
1009 1606 1121 1681 quam
1135 1574 1317 1681 qnondam

251 1697 363 1772 locuti
380 1700 529 1794 fuimus,
546 1718 600 1793 ut,
616 1705 709 1778 sicut
721 1729 788 1777 nos
804 1699 1033 1793 exhortastis,
1052 1713 1087 1771 et
1102 1695 1255 1797 largiter
1266 1694 1318 1795 (5)

251 1817 479 1915 promisistis,
494 1821 543 1892 ita
558 1820 715 1895 feliciter
727 1818 878 1920 implere
889 1814 1093 1918 procuretis
1107 1810 1205 1913 apud
1218 1808 1319 1884 illum

250 1957 359 2032 quem
377 1958 441 2009 vos
454 1936 573 2009 scitis:
591 1952 627 2010 et
644 1936 818 2038 inquirite
834 1950 961 2007 utrum
978 1958 1046 2008 nos
1065 1930 1110 2003 ad
1131 1928 1257 2015 illum,
1276 1952 1319 1999 au

250 2062 352 2147 parte
371 2050 408 2123 in
425 2050 492 2124 alia
512 2052 658 2129 tendere
673 2053 884 2143 debeamus,
903 2067 940 2125 et
957 2048 1083 2138 nobis,
1101 2042 1321 2146 perfidelem

249 2166 436 2265 gerulum,
455 2186 519 2243 aut
541 2198 606 2271 per
626 2187 763 2246 vestros
782 2170 839 2271 (6)
860 2170 999 2270 apices,
1018 2166 1093 2239 cito
1110 2160 1321 2237 remandare

250 2278 464 2379 dignemini.
475 2284 547 2359 Pro
558 2285 776 2361 confidentia
788 2286 887 2359 enim
896 2308 1038 2383 magna,
1049 2304 1159 2383 quam
1173 2278 1211 2350 in
1221 2274 1322 2351 vobis

250 2395 443 2493 habemus,
461 2418 534 2477 tam
547 2404 715 2479 audacter
731 2401 834 2478 vobis
850 2401 1059 2503 scripsimus
1076 2394 1322 2471 necessitatem

250 2535 426 2593 nostram.
464 2523 516 2597 De
551 2540 667 2597 vestra
697 2548 784 2598 vcro
817 2520 988 2621 sospitate
1016 2514 1123 2592 nobis
1154 2514 1323 2588 intimare

248 2635 466 2737 dignemini,
491 2642 575 2743 quia
596 2659 711 2716 vestra
737 2640 868 2714 sanitas
891 2654 1014 2713 nostra
1038 2649 1092 2709 est
1114 2632 1265 2723 laetitia,
1288 2644 1323 2704 et

249 2772 363 2827 vestra
393 2757 518 2833 laetitia
549 2776 715 2835 nostrum
743 2774 797 2835 est
823 2756 1004 2859 gaudium.
1031 2754 1111 2828 lloc
1136 2766 1319 2853 optamus,

249 2866 319 2943 lroc
336 2871 596 2964 desideramus,
620 2877 689 2951 hoc
710 2876 875 2975 cupimus
894 2872 1038 2961 audire,
1058 2885 1099 2942 ut
1118 2866 1182 2943 fiat
1200 2864 1322 2939 multis

248 2985 403 3062 feliciter
422 2994 541 3064 arinis.
559 2992 685 3069 Valete
706 3018 806 3064 nunc
826 3006 863 3064 et
883 3013 1038 3088 semper,
1061 2986 1119 3057 vir
1133 2981 1321 3087 gloriosis-

249 3104 351 3194 sime,
366 3106 402 3179 in
416 3106 562 3182 Christo
575 3112 656 3183 Jesu
668 3125 704 3183 et
716 3111 754 3181 in
767 3106 939 3182 omnibus
948 3104 1081 3177 sanctis
1090 3104 1175 3203 ejus.
1190 3098 1318 3171 Amen.

312 3294 555 3304 ---—---——-
600 3298 622 3305 ...
636 3299 639 3305 ι
652 3299 679 3305 --
709 3298 805 3306 -a—

281 3387 323 3460 (ι)
342 3404 387 3443 ιιι
402 3390 433 3445 iu
444 3389 513 3445 edit.

284 3479 324 3548 (a)
342 3478 412 3534 cod.
425 3484 578 3555 proecr'pue.

284 3564 324 3640 (3)
341 3568 395 3625 Hic
415 3569 517 3626 adsunt
535 3573 564 3626 in
582 3572 678 3628 codice
696 3572 753 3628 duo
769 3573 896 3639 nomina,
915 3571 990 3628 notis
1003 3570 1157 3645 tyrouiauis
1172 3568 1316 3641 inscripta,

248 3678 370 3734 quorum
393 3680 482 3716 unum
503 3662 615 3736 penitus
638 3680 748 3718 nusum
768 3674 824 3731 est,
853 3662 972 3718 alterum
995 3662 1089 3735 legere
1109 3658 1213 3715 trasna
1231 3656 1319 3714 conati

249 3768 353 3805 sumus.

283 3845 322 3912 (4)
341 3842 402 3897 lloc
419 3840 535 3897 verbum
551 3842 701 3897 aChemio
716 3843 849 3897 omissum
862 3852 913 3897 est.
931 3842 963 3895 l).
980 3840 1121 3913 Bouquet,
1142 3838 1214 3893 male
1231 3836 1319 3893 locum

249 3936 415 3990 restituens:
433 3934 602 3989 beatitudini
614 3944 727 3988 vestrm.

282 4025 320 4095 (5)
339 4024 409 4081 Cod.
425 4028 541 4097 largitu
556 4025 622 4081 edit.
639 4026 753 4095 largire.

283 4115 322 4183 (li)
340 4116 410 4171 Coit.
426 4126 547 4171 vestras.
