3166 5280
264 428 324 487 302
487 422 671 485 HISTORIA
692 424 1007 500 ultanstfflotlt&
1028 447 1089 489 um.

263 545 330 617 bus
347 542 611 618 necessitatibus
627 544 758 616 nostris
774 544 938 642 adjuvare
953 562 990 619 et
1005 546 1183 620 consolari
1198 545 1319 649 digna·

263 678 321 732 tus
338 676 402 733 est.

311 898 370 968 58.
399 894 621 993 Quamquam
637 894 756 964 omnia
777 917 901 992 magna
919 894 1013 979 sint,
1039 892 1140 965 etad
1160 890 1320 964 divinam

261 1012 415 1085 debeant
438 1010 565 1083 referri
589 1011 808 1108 potentiam,
834 1036 915 1109 quae
937 1025 1088 1109 propter
1108 1009 1320 1085 mortalium

261 1127 411 1199 salutem
428 1152 470 1199 ex
490 1125 629 1198 meritis
645 1122 833 1198 beatorum
850 1124 1053 1225 Martyrum
1068 1140 1167 1223 gesta
1183 1148 1322 1223 eogno-

258 1245 396 1329 vimus,
417 1244 454 1315 in
473 1268 516 1317 eo
538 1259 657 1315 tamen
679 1241 873 1327 miraculo,
893 1240 992 1341 quod
1017 1266 1117 1313 nunc
1132 1240 1321 1314 memoriae

259 1359 427 1433 mandare
442 1359 601 1447 decrevi,
620 1374 693 1430 tam
709 1373 874 1456 patenter
889 1359 954 1430 Dei
972 1358 1236 1456 omnipotentia
1246 1356 1322 1428 vir-

260 1491 317 1548 tus
337 1477 430 1549 clare
451 1476 693 1575 cognoscitur,
719 1490 760 1546 ut
787 1471 877 1545 nulli
901 1473 1050 1546 dubium
1076 1474 1320 1575 relinquatur,

259 1594 347 1693 quin
368 1594 405 1665 in
421 1593 521 1666 omni
539 1611 702 1666 creatura
719 1618 778 1663 sua
793 1590 969 1690 quidquid
982 1592 1137 1666 volucrit
1149 1589 1322 1663 facillime

259 1711 372 1807 possit
389 1710 536 1784 efficere.

306 1945 507 2046 suntiligua
527 1945 660 2017 dicitur
676 1945 758 2017 villa
776 1948 812 2018 in
829 1973 919 2046 pago
937 1946 1171 2048 Nitbagowe,
1193 1950 1232 2020 in
1247 1974 1321 2049 qua

255 2059 446 2161 presbyter
462 2061 625 2160 quidam,
640 2062 788 2133 nomine
798 2060 1037 2149 Waltbertus,
1052 2060 1197 2136 tenebat
1208 2062 1322 2136 eccle·

257 2179 356 2248 siam.
386 2178 418 2247 ls
435 2192 557 2249 mente
578 2193 723 2275 captus,
745 2203 877 2277 magno
901 2204 1048 2252 suorum
1068 2204 1252 2269 mucrore,
1275 2180 1320 2253 ad

256 2293 438 2365 basilicam
450 2294 652 2391 Martyrum
664 2291 836 2363 adductus
848 2309 910 2367 est.
922 2294 978 2365 Er
990 2293 1121 2394 quibus
1132 2311 1204 2368 trcs
1215 2310 1321 2368 crant

256 2410 384 2482 fratres
397 2413 490 2508 ejus,
507 2434 600 2481 unus
616 2406 804 2509 presbyter
819 2425 855 2482 et
871 2408 944 2483 duo
961 2411 1061 2498 laici,
1077 2430 1228 2513 qaaartus
1241 2427 1319 2485 ent

255 2523 472 2612 monachus,
495 2526 720 2624 propinquus
744 2525 872 2623 ipsius,
890 2526 933 2599 de
948 2528 1166 2601 monasterio
1183 2528 1317 2601 Horu-

255 2644 365 2730 bach,
391 2644 428 2715 in
449 2668 523 2744 quo
546 2658 582 2715 et
606 2643 679 2740 ipsc
699 2641 924 2743 presbytera
947 2670 1051 2742 parva
1074 2656 1178 2717 aetate
1198 2642 1317 2717 fuerat

256 2758 436 2833 educatus.
457 2758 488 2829 A
502 2756 634 2857 quibus
652 2783 735 2830 cum
751 2759 991 2857 requirerem,
1006 2760 1035 2831 si
1049 2756 1164 2831 adhuc
1179 2756 1315 2861 aliquid

253 2872 399 2948 medelae
419 2900 438 2943 a
460 2870 624 2972 quolibet
648 2872 786 2945 medico
804 2871 918 2946 eidem
939 2872 1063 2947 luisset
1085 2870 1314 2973 impensum?

254 2993 438 3080 «Statim,
459 2992 648 3088 inquiunt,
670 3015 751 3060 cum
769 3015 851 3062 eum
869 2989 933 3062 bac
952 2992 1116 3089 passione
1131 2990 1315 3089 comperi-

251 3134 331 3178 mus
342 3106 448 3180 luisse
461 3122 683 3203 correptum,
702 3106 745 3178 ad
763 3107 1086 3191 monasterium,in
1099 3131 1176 3207 quo
1191 3106 1312 3179 nutri·

253 3240 310 3295 tus
325 3222 413 3309 fuit,
433 3249 451 3293 a
470 3219 575 3295 nobis
592 3222 764 3294 adductus
781 3240 846 3295 est.
864 3223 934 3297 Ubi
954 3225 1084 3297 cumei
1104 3222 1233 3297 medici
1253 3248 1313 3297 sc-

251 3340 409 3412 cundum
426 3341 512 3410 artis
527 3365 601 3412 suae
618 3340 783 3438 peritiam
799 3340 912 3413 multa
924 3341 1111 3430 fecissent,
1127 3367 1195 3414 nec
1211 3366 1313 3413 mor-

250 3456 337 3530 bum
349 3455 394 3527 ab
406 3483 449 3530 eo
462 3456 639 3554 depellere
651 3459 872 3555 potuissent,
888 3473 1075 3533 suaserunt
1087 3457 1195 3533 nobis
1204 3458 1310 3531 amici

252 3575 387 3660 nostri,
407 3589 447 3643 ut
468 3598 550 3645 eum
571 3573 615 3644 ad
638 3571 768 3647 horum
792 3575 1005 3649 Sanctorum
1026 3574 1311 3649 misericordiam

249 3691 483 3764 duceremus:
500 3689 713 3763 confidimus
729 3692 826 3763 enim
842 3691 940 3791 quod
957 3691 1060 3764 illum
1076 3692 1211 3764 salvare
1226 3716 1311 3791 poa-

248 3810 340 3896 sint,
355 3809 448 3880 sicut
459 3808 546 3881 alios
561 3808 693 3881 multos
706 3809 904 3906 accepimus
919 3806 976 3880 bic
989 3807 1096 3881 luisse
1107 3808 1274 3881 salvatos.
1289 3838 1309 3875 a

248 3927 333 3998 Post
351 3924 428 3996 haec
448 3923 604 4023 bospitio
619 3926 780 4023 recepti,
798 3941 954 4023 quatuor
973 3922 1098 3997 diebus
1115 3921 1218 3997 lucre
1235 3948 1309 3997 no-

248 4040 404 4129 biscnm,
421 4042 590 4115 ducentes
603 4069 684 4116 eum
697 4040 861 4141 quotidie
871 4041 915 4113 ad
927 4040 1121 4128 ecclesiam,
1135 4054 1172 4113 et
1184 4066 1308 4113 coram

247 4160 353 4232 sacris
384 4161 586 4259 lllartyrum
617 4156 797 4233 cineribus
820 4162 938 4257 jacere
962 4158 1143 4232 facientes.
1170 4156 1306 4251 Quinta
