3166 5280
263 446 323 503 252
487 440 668 500 ulstottlt
690 438 1007 511 Tusustfflou'ts,
1029 462 1092 502 erc.

259 565 357 636 naria
371 565 588 635 mitteretur.
609 559 749 652 Quibus
762 560 880 633 verbis
890 561 1058 660 expletis,
1080 560 1317 636 tamsubitam

259 708 295 754 se
306 680 429 752 usserit
445 679 591 751 sensisse
604 678 798 767 medelam,
818 695 859 749 ut
871 680 1058 778 protinus,
1077 680 1181 753 omui
1195 679 1320 755 dolore

257 796 401 895 fugato,
424 797 531 868 etiam
552 794 678 867 edendi
706 793 921 868 desiderium
949 795 1136 887 habuerit,
1166 796 1320 898 ciboque

257 927 423 1011 sumpto,
441 913 478 983 in
498 925 639 983 tantum
658 910 757 983 brevi
775 911 1001 984 confortatus
1016 914 1066 985 sit
1084 929 1126 985 ut
1146 915 1186 985 in
1198 915 1321 986 crusti-

257 1056 344 1103 num
361 1029 523 1103 adomne
534 1056 644 1128 opus,
660 1029 758 1127 quod
771 1031 821 1102 rei
834 1028 1020 1101 familiaris
1032 1033 1225 1103 necessitas
1237 1056 1321 1131 pos-

257 1145 422 1231 tulasset,
447 1141 714 1242 procurandum
745 1142 797 1217 vel
829 1143 1033 1217 faciendum
1063 1145 1321 1245 percommode

257 1262 309 1334 ire
322 1260 509 1359 potuisset.
525 1260 609 1331 Post
622 1255 691 1332 boc
706 1284 858 1358 porcum
873 1258 975 1331 illum
985 1258 1094 1333 fuisse
1110 1258 1319 1346 venditum,

256 1392 291 1450 et
309 1376 378 1449 hoc
395 1402 468 1449 esse
484 1374 641 1475 pretium
660 1378 754 1473 ejus,
770 1373 869 1474 quod
886 1402 930 1448 ex
948 1390 1035 1450 voto
1047 1373 1163 1449 beatis
1181 1376 1321 1475 Marty-

257 1490 357 1563 ribus
372 1488 556 1565 offerebat.

305 1847 365 1916 37.
385 1841 550 1942 Reliquas
572 1844 722 1916 virtutes
740 1858 847 1943 utque
863 1843 1031 1915 miracula
1042 1895 1053 1929 ,
1072 1868 1158 1943 quae
1177 1870 1245 1943 per
1259 1870 1320 1919 eos

255 1961 431 2033 Dominus
447 1959 654 2032 adsalutem
671 1960 859 2034 bominum
871 1977 1041 2060 operatus
1056 1974 1129 2047 est,
1142 1962 1319 2062 quoniam

256 2101 331 2176 quo
349 2076 476 2149 ordine
498 2076 664 2148 dicuntur
690 2075 1143 2167 nihil1·elerrevideo,ita
1170 2093 1214 2149 ut
1238 2104 1320 2151 me·

256 2191 383 2264 moriae
396 2192 621 2264 occurrerint
634 2195 755 2265 censui
768 2192 1020 2282 describenda;
1036 2195 1119 2293 quia
1139 2195 1177 2266 in
1193 2221 1319 2267 mrum

256 2309 430 2383 relatione
450 2310 558 2408 magis
576 2311 663 2410 quid
680 2326 716 2384 et
731 2338 841 2411 quare
851 2366 862 2400 ,
881 2338 990 2412 quam
1016 2309 1163 2413 quando
1178 2310 1319 2412 aliquid

256 2443 395 2526 gestum
412 2427 475 2514 sit,
495 2427 791 2503 considerandum
809 2445 874 2502 est.

303 2662 494 2737 Collocatis
523 2666 631 2764 igitur
655 2666 691 2735 in
724 2663 846 2737 eadem
868 2662 1009 2735 basilica
1036 2686 1138 2735 more
1160 2660 1314 2734 solemni

254 2776 442 2853 beatorum
461 2781 664 2880 Martyrum
682 2780 862 2880 reliquiis,
882 2805 964 2850 cum
980 2777 1178 2852 secundum
1197 2777 1316 2851 eccle-

254 2897 402 2970 siasticoe
425 2898 661 2971 institutionis
685 2896 978 2971 consuetudinem
1007 2922 1101 2969 sacra
1123 2895 1314 2969 missarum

252 3015 424 3088 solemnia
437 3015 599 3117 quotidie
621 3015 905 3101 celebrarentur,
925 3014 1079 3115 contigit
1097 3028 1140 3084 ut
1157 3010 1313 3112 quadam

253 3129 330 3216 die,
350 3157 432 3203 cum
447 3132 567 3203 divina
591 3158 645 3205 res
665 3146 849 3232 ageretur,
868 3146 905 3203 et
921 3157 988 3203 nos
1005 3130 1042 3202 in
1064 3125 1312 3227 superioribus

251 3245 407 3343 ejusdem
432 3246 587 3321 ecclesiae
618 3247 703 3320 locis
735 3247 944 3336 constituti,
975 3270 1082 3343 super
1107 3241 1310 3341 subjectum

252 3377 360 3462 atque
376 3364 414 3434 in
429 3363 659 3438 inferioribus
670 3366 908 3437 constitutum
923 3360 1097 3461 populum
1108 3360 1313 3435 intendere·

255 3506 347 3567 mus,
362 3480 512 3553 clericus
520 3482 664 3581 quidam
680 3479 906 3566 seminudus,
919 3480 982 3579 qui
996 3478 1092 3551 iuter
1104 3490 1256 3551 caeteros
1266 3476 1311 3550 ud

253 3595 346 3669 idem
371 3597 524 3669 officium
552 3614 715 3684 venerat,
741 3614 848 3696 atquc
872 3596 909 3667 in
939 3593 1052 3667 media
1075 3592 1311 3667 multitudiue

251 3711 486 3797 consistebat,
507 3729 579 3786 tam
600 3715 697 3813 gravi
720 3713 826 3784 ruina
844 3710 964 3785 subito
984 3710 1159 3807 collapsus
1175 3725 1246 3798 est,
1268 3726 1311 3781 ut

249 3830 527 3903 mortuosimilis
541 3831 576 3900 in
585 3830 790 3928 pavimento
799 3828 996 3899 diutissime
999 3828 1178 3926 jacuisset.
1190 3824 1308 3917 Quem

250 3972 332 4016 curn
357 3960 566 4019 stertentem
591 3944 699 4044 aliqui
721 3971 764 4016 ex
787 3942 1100 4016 circumstantibus
1113 3941 1231 4015 levare
1246 3957 1309 4013 ut-

248 4089 318 4161 quc
331 4064 465 4161 erigere
482 4078 717 4149 conarentur,
741 4077 836 4134 tauta
855 4061 906 4132 vis
923 4058 1104 4159 sanguinis
1127 4084 1170 4131 ex
1186 4084 1253 4133 ore
1271 4074 1308 4131 et

248 4176 391 4250 naribus
408 4183 547 4277 arripit,
564 4197 601 4252 ut
621 4196 694 4252 tota
712 4178 871 4251 anterior·
889 4205 970 4276 pars
986 4177 1169 4275 corporis,
1186 4172 1304 4262 idest,
