3090 5302
246 368 305 430 174
368 368 421 428 AD
443 366 638 427 Elnnsltul
660 365 863 427 urtstouss
884 366 1082 431 sutunnlx
1104 369 1267 433 lutens.

246 490 458 579 sumpsimus,
475 487 519 553 mi
535 484 687 568 domine,
704 486 837 553 auribus
854 485 1031 554 clementie
1047 503 1161 557 vestre
1176 495 1310 559 neeessi-

248 607 321 672 tetis
347 618 462 671 nostre
484 626 596 670 causas
620 601 787 670 humiliter
807 606 1025 685 innotescere,
1044 621 1080 673 ut
1099 629 1157 697 per
1175 624 1311 680 vestrum

247 723 397 813 pietatem
413 719 454 789 de
468 719 519 786 his
530 717 678 786 celeriter
687 743 870 788 mereamur
883 720 1141 791 consolationem
1154 727 1308 818 recipere.

244 840 366 907 Notum
395 838 487 904 vobis
510 858 578 903 esse
604 833 767 901 credimus
787 836 877 926 quod
910 835 1005 904 nobis
1032 836 1270 927 indignissimis
1294 866 1311 907 r

245 957 367 1022 domno
383 956 576 1045 imperatore
590 975 778 1019 concessum
791 951 897 1020 lueret
915 968 1001 1020 uter
1021 953 1210 1047 nobisipsis
1225 957 1310 1025 elee-

245 1076 367 1144 tiouem
375 1070 521 1139 leniendi
532 1070 725 1138 haberemus
736 1069 913 1138 licentiam.
928 1071 992 1138 Sed
1003 1096 1079 1139 eum
1091 1072 1204 1157 illurn,
1215 1099 1310 1167 quem

244 1192 351 1270 scitis,
370 1189 598 1279 elegissemus,
617 1201 649 1255 et
667 1212 685 1254 e
700 1189 870 1254 serenitate
887 1186 1001 1255 domni
1020 1191 1227 1282 imperstoris
1246 1216 1310 1260 non

241 1306 382 1399 pleniter
404 1303 516 1372 luisset
540 1318 704 1395 receptus,
738 1306 928 1395 permissum
957 1306 1051 1373 nobis
1077 1321 1114 1374 ut
1136 1307 1261 1390 elium,
1285 1314 1310 1377 si

243 1423 477 1514 potuissemus,
496 1444 535 1487 ex
555 1420 649 1487 nobis
662 1420 739 1487 huic
756 1421 863 1487 officio
880 1444 1062 1511 congruum
1076 1424 1308 1495 inveniremus.

244 1537 307 1607 Sed
326 1561 400 1605 cum
413 1551 493 1604 esset
514 1538 682 1617 inventus,
701 1552 737 1603 ut
751 1535 929 1619 eredimus,
943 1537 977 1603 in
998 1538 1059 1603 Dei
1075 1553 1108 1605 et
1119 1536 1236 1607 domui
1247 1542 1309 1609 im·

243 1655 401 1746 peratoris
430 1654 560 1720 servitio
588 1649 728 1731 habilis,
756 1652 916 1717 nescimus
942 1652 985 1718 ob
1009 1675 1108 1743 qrrsm
1137 1677 1268 1722 mosem
1292 1680 1309 1722 ι

244 1772 347 1838 missis
355 1769 529 1837 dominicis
539 1791 606 1836 non
617 1783 665 1836 est
677 1767 773 1859 plena
787 1767 1011 1836 benevolentis
1021 1786 1199 1862 susceptus.
1214 1771 1309 1839 Unde

243 1904 381 1955 vestrum
395 1910 525 1953 oremus
538 1885 771 1976 benignitatem
784 1900 820 1951 ut
832 1909 870 1951 ex
879 1884 943 1952 boc
956 1886 1049 1953 nobis
1061 1888 1095 1954 in
1108 1886 1308 1977 sdjuterium

244 2029 311 2071 esse
325 2003 507 2092 dignemini
518 2030 527 2085 3
540 2017 700 2093 quatenus
720 2002 843 2092 ipsum,
857 2000 898 2067 de
912 2025 979 2092 quo
994 2001 1150 2084 dicimus,
1168 2002 1211 2070 sd
1226 2028 1308 2096 prte-

243 2120 380 2187 sentiem
397 2118 512 2184 domni
523 2118 727 2209 imperatoris
741 2141 801 2182 nos
812 2119 874 2209 ipsi
885 2117 1096 2200 deducemus,
1109 2135 1154 2202 et,
1169 2119 1308 2211 qusliter

239 2237 391 2325 jusserit,
417 2235 609 2302 discutietur
626 2249 658 2301 et
677 2232 832 2325 probetur
856 2235 883 2300 si
900 2234 994 2302 nobis
1015 2233 1165 2326 prodesse
1187 2235 1306 2317 velent,

242 2368 275 2420 et
295 2353 328 2418 in
348 2351 477 2420 servitio
494 2351 555 2417 Dei
576 2365 668 2442 eptus
680 2373 747 2418 esse
760 2351 860 2442 possit
875 2375 917 2418 en
936 2353 1057 2419 minus.
1072 2351 1234 2445 Optemus
1251 2378 1308 2421 ros

243 2468 363 2536 divinis
383 2490 508 2559 semper
531 2469 653 2535 muniri
679 2466 834 2559 presidiis
860 2483 892 2535 et
915 2468 1164 2538 immortalitatis
1185 2493 1307 2539 corous

240 2584 440 2677 quandoque
453 2583 601 2674 gloriari,
620 2584 761 2675 piissime
784 2598 816 2650 et
832 2585 1085 2651 reverentissime
1104 2584 1249 2654 domine.
1262 2625 1308 2639 -

239 2700 428 2788 Inscriptio.
450 2739 496 2753 -
512 2700 722 2768 sanctissimo
742 2716 774 2767 et
794 2701 938 2791 piissimo
964 2701 1098 2768 domiuo
1113 2701 1303 2781 Einberdo,

240 2818 356 2884 merito
375 2816 570 2899 venerabili,
590 2817 757 2883 Senonirae
778 2816 867 2884 urbis
884 2815 957 2883 vilis
973 2832 1003 2883 et
1021 2817 1147 2907 abjecte
1164 2842 1304 2909 cougre-

239 2936 339 3025 gatio.

789 3090 931 3099 ---—.-

243 3170 385 3223 Tullensis
403 3171 525 3239 episcopi
536 3167 576 3222 ad
586 3167 776 3222 Einhardum.
796 3168 829 3221 D.
849 3167 975 3241 bouquet
993 3184 1077 3240 pense
1093 3165 1193 3241 qu’elle
1210 3177 1253 3222 est
1268 3166 1303 3221 de

237 3265 345 3320 l'eunee
354 3265 421 3332 828,
435 3265 504 3320 ainsi
515 3282 570 3338 que
579 3263 651 3318 deux
661 3274 753 3318 autres
765 3263 859 3319 lettres
870 3261 1008 3318 adressees
1016 3262 1085 3318 dans
1094 3261 1120 3317 le
1131 3262 1223 3320 meme
1233 3261 1301 3329 but,

238 3363 313 3419 l’une
331 3366 348 3417 b
361 3362 556 3436 l’impe'rstrice
569 3362 682 3428 Judith,
697 3363 799 3418 lemure
814 3361 849 3418 de
862 3360 1193 3425 Leuis-blldbouuuire,
1206 3359 1303 3417 l’sutm

237 3465 252 3514 ὲ
274 3459 425 3527 Huilduin,
445 3460 516 3515 abbe
535 3458 570 3514 de
586 3461 777 3526 saint-benis,
796 3460 890 3534 etqui
909 3460 1036 3513 n'eureut
1049 3475 1098 3532 pas
1116 3475 1156 3511 un
1175 3456 1303 3513 meilleur

237 3556 361 3612 resultat.
378 3558 427 3611 Les
444 3555 515 3611 deux
529 3555 589 3610 elus
601 3554 639 3610 du
656 3557 782 3630 chapitre
797 3556 893 3610 iurent
904 3555 1131 3610 suceessiremeut
1143 3556 1300 3626 repon-es,

236 3666 278 3725 et,
295 3674 343 3710 sur
359 3655 385 3709 la
398 3654 574 3728 designation
590 3654 625 3709 de
638 3653 817 3728 l'empereur·,
831 3652 941 3720 Aldric,
957 3650 1028 3706 abbe
1042 3649 1078 3706 de
1089 3649 1244 3718 Ferriem,
1259 3648 1303 3704 lut

236 3757 349 3809 nomme
361 3753 534 3826 archeveque
548 3752 583 3807 de
595 3753 672 3808 Sene.
688 3754 756 3807 Mais
769 3769 877 3807 comme
891 3750 911 3804 il
924 3769 958 3804 ne
970 3750 1014 3804 lut
1026 3747 1153 3805 ordonue
1164 3765 1221 3822 que
1233 3745 1301 3802 dens

235 3853 261 3906 le
275 3851 380 3906 concile
392 3849 427 3905 de
439 3850 531 3916 Paris,
548 3850 573 3904 lo
586 3867 637 3903 vur
651 3847 700 3904 des
714 3848 772 3904 ides
784 3848 819 3903 de
829 3849 893 3920 juin
906 3847 971 3922 8¹19,
987 3846 1006 3901 il
1019 3847 1101 3901 seruit
1114 3843 1235 3919 possible
1245 3861 1301 3917 que

234 3960 307 4005 oette
320 3950 401 4005 lettre
416 3948 491 4004 n’erit
505 3952 549 4005 ete
560 3950 645 4004 ecrite
652 3966 708 4022 que
716 3947 784 4001 dans
798 3947 837 4001 les
849 3946 983 4020 premiere
996 3946 1067 3999 mois
1076 3943 1112 3999 de
1122 3942 1299 4016 t‘meesm.

233 4047 364 4115 lere'mie,
379 4065 427 4100 sou
441 4046 646 4120 predecesseur,
658 4046 726 4100 etsie
735 4043 843 4099 urortle
854 4062 899 4098 νιιι
913 4043 960 4098 des
969 4041 1072 4097 idesde
1081 4037 1298 4113 deoembnedry·

232 4143 323 4214 (Voy.
339 4165 400 4199 nov.
420 4146 495 4200 Gall.
511 4145 605 4200 christ.
620 4161 684 4212 snr,
705 4160 736 4215 ¹9
749 4150 779 4195 et
790 4146 848 4210 so.)
