3166 5280
252 369 311 426 112
575 366 769 429 ΕΙΝΗΑΝΙΝ
792 366 997 429 EPISTOLAE.

551 608 684 673 *tht
707 612 758 671 AD
781 609 970 671 FRATREM
991 611 1027 671 N.

302 787 442 860 Dilecto
451 799 488 858 et
500 785 538 857 in
552 783 698 858 Christo
707 783 902 858 venerabili
916 783 1021 858 fratri
1033 780 1082 859 N.
1098 780 1317 881 Einhanlun

253 905 506 1004 sempiternam
524 903 580 1002 [in
593 906 746 975 Domino
760 903 1177 1004 salutem-Parentes]
1192 904 1243 979 N.
1262 904 1321 980 bo-

252 1022 361 1095 minis
379 1019 514 1106 nostri,
534 1019 648 1118 parati
666 1033 752 1090 sunt
767 1044 898 1117 porcos
914 1035 1014 1106 tuos,
1034 1020 1085 1093 sic
1102 1021 1203 1095 enim
1220 1018 1321 1097 nobis

253 1138 559 1237 [deelamverunt‚
579 1134 641 1208 tibi
659 1136 901 1236 componere}
916 1136 962 1209 N.
970 1140 1045 1236 jam
1053 1164 1099 1212 ex
1108 1137 1229 1213 multo
1240 1152 1323 1211 tem·

252 1284 356 1356 pore,
365 1255 494 1328 devote
503 1272 612 1355 atque
622 1252 790 1343 fideliter,
800 1252 1323 1361 nobisserv[ivit;qnapmpter

252 1374 443 1477 rogamus]
458 1373 644 1447 caritatem
657 1387 755 1445 tuam
770 1389 832 1461 ut,
848 1374 885 1446 in
903 1389 1082 1475 quantum
1094 1374 1174 1450 fieri
1189 1376 1320 1476 possit,

251 1492 283 1563 ei
301 1515 448 1591 parcere
470 1488 627 1589 digneris
651 1489 688 1560 in
715 1488 774 1561 illa
793 1488 1105 1589 [com]positione‚
1125 1516 1240 1591 quam
1259 1488 1323 1565 tibi

252 1636 317 1709 per
328 1608 444 1707 legem
456 1604 583 1694 debet,
602 1623 643 1679 ut
657 1605 795 1680 eumad
810 1622 976 1683 nostrum
994 1608 1185 1682 servitium
1197 1606 1325 1682 utilem

253 1724 384 1801 babere
397 1724 576 1824 possimus
588 1740 625 1798 et
644 1739 684 1797 tu
697 1750 765 1798 nos
777 1723 821 1796 ad
837 1739 936 1797 tuam
949 1725 1177 1799 voluntatem
1194 1724 1325 1800 facien-

251 1841 333 1914 dam
354 1843 551 1941 paratiores
575 1867 616 1936 nc
639 1841 884 1941 promptiores
903 1866 969 1940 per
983 1841 1164 1941 justitiam
1184 1868 1325 1943 semper

252 1954 517 2030 baberevaleas.
530 1954 826 2056 Optoutsemper
836 1954 1050 2030 benevaleas
1064 1956 1120 2049 [in
1128 1954 1323 2057 Domino}

530 2440 698 2518 anln).
723 2442 773 2502 ΑΙ)
794 2439 832 2503 Ν.
857 2439 1049 2501 COMITEM.

300 2613 494 2715 Magnifico
507 2628 544 2685 et
559 2610 766 2687 honorabili
784 2628 893 2712 atque
906 2611 1038 2685 illustri
1052 2612 1157 2702 vim,
1174 2612 1224 2686 Ν.
1242 2612 1328 2716 glo-

250 2732 516 2818 nosocomio,
541 2727 744 2803 Einhardus
775 2745 950 2803 oeternam
978 2731 1017 2803 in
1042 2731 1205 2805 Domino
1229 2731 1327 2805 salu·

250 2852 570 2925 tem-Domnus
598 2848 795 2948 imperator
826 2846 1009 2920 mandavit
1032 2874 1099 2946 per
1129 2846 1326 2950 Dngollirm

249 2983 461 3041 venatorem
478 2965 554 3063 [ut]
572 2965 619 3037 N.
640 2992 759 3039 comes
776 2965 911 3039 faceret
931 2968 1128 3040 convenire
1144 2966 1191 3039 ad
1207 2990 1327 3039 unum

250 3085 373 3157 locum
386 3083 468 3156 illos
481 3084 632 3155 comites
649 3083 713 3181 qui
731 3099 819 3154 sunt
835 3082 874 3155 in
890 3083 1049 3170 Austris,
1072 3083 1108 3156 id
1122 3098 1178 3157 est
1190 3084 1328 3157 lietto-

249 3226 334 3273 nem
353 3215 389 3271 et
402 3199 616 3297 Popponem
634 3214 672 3272 et
688 3197 942 3271 Gebebardum
952 3253 962 3287 ,
982 3216 1018 3273 et
1034 3214 1187 3274 coeteros
1208 3200 1327 3275 socios

250 3342 399 3407 eorum,
415 3332 456 3387 ut
475 3316 572 3388 inter
584 3342 621 3388 se
632 3316 903 3390 considerarent
913 3318 1004 3418 quid
1016 3318 1196 3419 agendum
1211 3332 1324 3407 esset,

249 3436 277 3507 si
295 3432 431 3534 aliquid
455 3433 539 3505 novi
558 3432 603 3505 de
621 3431 784 3531 partibus
803 3434 976 3533 Bajoariae
993 3434 1120 3508 fnisset
1136 3450 1322 3509 exortum.

249 3552 356 3624 Tunc
381 3550 499 3621 visum
525 3565 577 3621 est
596 3548 667 3621 illis
689 3548 781 3625 bene
803 3567 954 3634 essem,
977 3566 1015 3623 et
1031 3565 1073 3621 tu
1089 3564 1127 3623 et
1148 3550 1264 3638 Atto,
1284 3549 1322 3622 in

249 3668 375 3742 rodem
388 3666 522 3766 placito
536 3664 703 3739 fuissetis.
723 3667 808 3741 ldeo
824 3682 957 3766 rogant
972 3693 1035 3739 vos
1053 3681 1094 3738 ut
1112 3667 1324 3741 considere·

249 3787 315 3873 tis,
334 3800 443 3883 atque
459 3782 529 3853 illis
544 3780 720 3854 mandetis
737 3783 774 3854 in
789 3781 887 3881 quali
907 3783 987 3856 loco
999 3782 1165 3855 videatur
1178 3782 1322 3882 aptissi-

282 4140 321 4205 (ι)
342 4155 395 4189 ιι·ιι
410 4138 439 4191 in
452 4136 544 4191 editis.
