3090 5302
582 434 779 496 tepebunt
802 433 929 493 PRIOR.
1227 434 1285 495 147

223 561 293 627 totis
313 557 458 637 nisibus,
476 559 631 647 omnique
653 557 815 623 servitutis
838 555 955 622 affectu
982 553 1104 635 tidelis,
1124 556 1288 644 prosperi·

222 691 317 745 tatem
343 691 439 766 atque
466 673 700 740 beatitudinem
725 673 859 738 inlesa
887 671 1018 738 Christo
1046 671 1189 737 Domino
1212 687 1288 763 opto

220 814 408 883 perennem.
420 828 465 841 -
473 787 650 880 Epistulam
663 802 776 855 restrae
788 786 993 854 sublimitatis
1005 785 1047 852 ad
1056 809 1108 853 me
1121 785 1288 877 perlatam,

221 907 373 999 qualibus
387 906 480 973 vobis
495 905 617 996 placuit
630 904 782 972 refertam
799 903 1022 983 sermonibus,
1037 905 1166 994 accepi,
1182 924 1294 994 accep-

221 1041 352 1115 tamque
364 1022 501 1114 perlegi,
512 1020 685 1112 perlectam
701 1022 814 1111 paucis
827 1018 1021 1109 respondere
1036 1017 1177 1085 decrevi.
1192 1020 1295 1086 Dixis-

222 1144 261 1208 tis
277 1163 422 1230 namque
438 1140 633 1229 insperatam
646 1136 687 1203 ad
706 1160 764 1204 vos
779 1138 960 1227 pervenisse
978 1135 1184 1228 opinionem,
1202 1134 1293 1203 scili-

222 1273 272 1326 cet
283 1255 376 1348 quod
390 1280 504 1349 pacem
522 1255 674 1322 Ecclesiae
690 1254 898 1346 perturbare,
915 1269 947 1320 et
962 1252 1140 1319 fraternam
1152 1268 1295 1320 evertere

222 1375 344 1441 niterer
368 1371 598 1454 concordiam,
616 1385 647 1437 et
669 1371 829 1459 hocopus
848 1369 1050 1436 damonibus
1069 1368 1292 1460 adscripsistis.

221 1489 394 1555 Daemones
415 1487 556 1576 quippe,
580 1500 618 1551 ut
637 1482 897 1550 manifestissime
918 1497 1026 1574 patet,
1051 1481 1249 1551 dissensione
1266 1500 1299 1551 ct

222 1603 468 1695 perturbatione
502 1602 663 1676 bonorum
693 1601 866 1666 bominum
900 1598 1044 1689 gaudent
1072 1614 1104 1665 et
1134 1599 1297 1667 discordia

221 1719 438 1786 delectantur.
455 1719 496 1784 Et
515 1718 579 1784 boc
595 1739 708 1784 verum
725 1730 790 1798 est,
808 1720 886 1806 quia
897 1717 1045 1806 quisquis
1062 1715 1130 1783 zelo
1149 1717 1298 1786 stimula·

222 1847 272 1900 tus
288 1833 416 1914 livoris,
434 1833 468 1898 in
483 1854 563 1922 pace
584 1832 813 1898 consistentem
829 1831 1010 1898 Ecclesiam
1023 1831 1156 1899 nefariis
1170 1837 1298 1901 conati·

222 1950 281 2018 bus
299 1949 429 2031 turbat,
445 1963 478 2015 et
492 1971 575 2015 verae
591 1946 803 2015 fraternitatis
822 1947 997 2015 discidium
1016 1964 1119 2031 amat,
1141 1923 1301 2043 particeps

222 2068 410 2135 daemonum
423 2067 579 2147 efficitur,
593 2088 761 2155 equorum
770 2065 1019 2156 participatione
1027 2067 1162 2133 Domini
1174 2070 1299 2136 miseri-

223 2184 336 2252 cordia
354 2187 536 2251 immunem
548 2205 600 2247 me
617 2197 774 2273 perpetuo
791 2179 926 2247 reddere
937 2181 1103 2271 dignetur.
1119 2184 1193 2250 Non
1212 2187 1299 2253 enim

223 2297 440 2374 universalem
463 2297 660 2365 discordiam
680 2298 790 2388 cupit,
816 2299 875 2388 qui
899 2312 1025 2364 tantum
1042 2301 1202 2387 justitiam
1224 2324 1301 2394 pro—

223 2420 327 2509 priam
336 2416 470 2507 querit..
478 2416 519 2481 Et
528 2413 602 2481 ideo
620 2418 805 2482 damonum
816 2415 1043 2505 cpusminime
1055 2438 1130 2505 ago,
1144 2419 1222 2506 quia
1232 2441 1299 2485 non

224 2535 445 2626 iniquitatem,
456 2530 513 2599 sed
524 2532 632 2622 potius
643 2515 826 2620 aequitatem
843 2544 875 2596 et
887 2530 1061 2618 justitiam,
1075 2556 1199 2622 quero.
1215 2535 1300 2603 Nam

224 2652 342 2718 siratio
356 2648 595 2727 consideretur,
610 2645 665 2712 ille
681 2647 788 2713 verius
800 2661 832 2713 et
845 2645 1004 2712 dicendus
1013 2663 1045 2712 et
1056 2646 1238 2716 credendus
1253 2667 1301 2718 est

224 2770 386 2859 particeps
398 2788 465 2833 esse
482 2764 667 2832 daemonum
680 2764 737 2854 qui
755 2764 959 2854 iniquitatem
976 2763 1085 2854 diligit
1097 2781 1128 2831 et
1139 2766 1298 2854 justitiam

225 2959 368 3027 stabulon,
384 2960 495 3014 Anncl.
508 2955 663 3026 Benedict,
678 2956 725 3010 liv.
739 2976 843 3025 rxvm,
859 2971 890 3011 n⁰
903 2957 949 3027 48,
964 2959 989 3014 la
1003 2959 1043 3013 lui
1055 2960 1176 3016 attribue
1188 2982 1299 3038 expres-

226 3061 345 3124 ment,
360 3065 389 3111 et
402 3072 486 3128 pense
497 3052 623 3128 qu'ellea
638 3055 682 3108 ete
695 3053 829 3122 adresse'e,
845 3073 905 3110 vers
916 3054 977 3123 816,
992 3055 1218 3133 aErmengarde,
1233 3082 1298 3136 prc-

228 3158 311 3212 miere
319 3152 470 3210 femmede
478 3150 802 3209 leuis-leDdbonnaire.
812 3152 882 3207 Mais
891 3153 925 3208 D.
938 3155 1037 3224 biron,
1047 3154 1115 3211 daus
1125 3177 1180 3213 une
1189 3171 1299 3216 cavante

228 3253 405 3310 dissertation
425 3270 474 3306 sur
494 3260 566 3306 cette
588 3249 689 3317 lettre,
711 3250 900 3323 Singularite's
919 3251 1099 3326 historiques,
1121 3259 1143 3309 t.
1166 3255 1193 3323 l,
1216 3275 1245 3328 p.
1270 3279 1297 3325 r,

230 3369 339 3422 proava,
347 3348 434 3404 d'unc
447 3349 570 3402 maniere
581 3348 629 3421 qui
644 3365 714 3402 nous
724 3346 828 3401 semble
842 3349 1049 3417 incontestable,
1059 3350 1159 3424 qu’elle
1168 3353 1239 3409 u'est
1252 3374 1299 3428 pas

231 3437 410 3521 d'liginbaud,
424 3456 453 3500 et
464 3444 564 3518 qu'elle
576 3464 591 3497 a
602 3446 647 3499 ete
659 3443 794 3511 adressee,
804 3462 865 3499 vers
878 3443 939 3512 843,
950 3448 965 3499 a
975 3446 1172 3520 l'imperatrice
1182 3451 1299 3508 Ermen-

234 3545 325 3616 garde,
340 3545 444 3600 femme
457 3542 492 3596 de
507 3541 651 3608 Lotbaire,
666 3561 716 3614 par
727 3560 765 3596 un
778 3542 908 3615 seigneur
924 3544 988 3616 qui,
1003 3547 1085 3617 apres
1099 3549 1176 3603 avoir
1189 3552 1259 3607 suivi
1274 3553 1300 3607 le

235 3645 298 3711 parti
322 3640 358 3696 de
375 3637 708 3706 Leuis-le-Debonnaire,
729 3639 801 3692 avait
824 3638 962 3694 embrasse
980 3641 1051 3696 celui
1070 3642 1105 3697 de
1126 3643 1298 3705 charles-le·

237 3739 349 3794 Cbauvc.
370 3739 411 3793 Ce
426 3737 557 3809 seigneur
569 3737 632 3809 qui,
654 3737 762 3790 suivant
779 3734 832 3803 lui,
848 3738 939 3792 aurait
952 3742 1057 3812 occup&
1075 3740 1145 3796 «lans
1159 3733 1241 3800 l’Etat
1260 3765 1299 3801 un

239 3853 296 3909 rang
308 3853 411 3891 encore
423 3832 486 3907 plus
499 3833 624 3887 eminent
635 3821 844 3907 qu’liginhard,
861 3837 988 3907 pourrait
999 3836 1064 3891 bien
1075 3838 1135 3894 titre
1145 3839 1297 3913 Adalbard,

242 3932 306 3987 oncle
328 3928 581 3997 d’Hcrmentrude‚
602 3929 704 3984 femme
724 3929 759 3985 de
780 3930 1076 3989 cuartes-lechauve.
1098 3936 1133 3991 D.
1157 3938 1298 4014 Bouquet‚

245 4027 361 4101 adoptant
375 4038 449 4084 cette
458 4027 586 4100 opinion,
601 4045 616 4080 a
629 4029 715 4099 range'
727 4036 799 4082 cette
812 4027 894 4082 lettre
905 4029 994 4100 parmi
1008 4028 1047 4083 les
1055 4029 1220 4090 documenta
1229 4036 1300 4092 rela-

247 4124 305 4180 tifsl
317 4125 454 4182 l’bistoire
467 4124 516 4179 des
528 4124 570 4178 fils
584 4122 619 4178 de
635 4123 960 4193 lamule-Debonuaire,
975 4138 1003 4181 et
1015 4126 1048 4180 l'a
1063 4127 1217 4201 imprimee,
1233 4134 1299 4205 vlt,

250 4216 301 4293 529,
314 4240 375 4278 scus
387 4222 413 4277 la
426 4220 490 4277 date
503 4221 538 4276 de
552 4221 614 4287 841.
