3166 5280
256 414 318 471 270
481 407 667 469 HISTORIA
688 400 1009 477 Tusnsmnottls,
1032 422 1096 465 nc.

256 531 464 630 supervenit
479 556 570 629 puer
599 528 726 599 missus
752 551 772 596 a
795 522 953 625 quodam
976 548 1157 599 conserto
1182 542 1328 613 noenu,

257 646 448 720 flasconem
468 645 588 719 serens
611 669 719 743 quem
747 639 816 714 sibi
842 640 984 740 impleri
1023 638 1227 742 flagitabat.
1256 642 1326 737 Qui

255 789 338 834 cum
355 776 446 836 esset
459 761 649 861 impletus,
669 757 775 857 petiit
790 756 952 830 utetiam
963 754 1032 829 sibi
1046 755 1233 832 decadem
1245 782 1326 835 cu*-

254 881 340 953 visia
356 878 728 981 quantulumcumque
745 874 893 948 daretur
904 873 950 947 ad
961 872 1180 949 bibendum.
1194 876 1323 951 Datum

252 998 360 1070 estin
376 1020 480 1082 vase,
502 993 601 1094 quod
619 1018 702 1065 cssu
725 1017 877 1065 vacuum
892 1018 1000 1092 supra
1016 1016 1174 1093 cupam,
1194 994 1234 1067 in
1253 1018 1321 1095 qua

254 1113 402 1187 cervisia
419 1126 517 1199 erat,
537 1110 697 1210 positum
714 1109 845 1183 fuerat.
866 1109 936 1184 Sed
951 1107 1015 1182 ubi
1037 1106 1109 1183 hoc
1130 1108 1321 1185 hausturus

253 1232 309 1306 ori
325 1228 507 1316 admovit,
528 1255 613 1301 cum
635 1226 772 1327 ingenti
797 1224 1060 1315 admiratione,
1079 1224 1212 1299 vinum
1229 1224 1317 1315 hoc,

252 1374 329 1422 non
344 1346 529 1421 cervisiam
546 1371 634 1433 esse,
652 1344 832 1418 clamavit.
857 1344 1023 1445 Cumque
1041 1368 1128 1417 cum
1147 1344 1194 1431 is,
1207 1344 1273 1445 qui
1286 1358 1320 1419 et

252 1464 446 1539 flasconem
472 1463 703 1563 impleverat,
732 1476 770 1535 et
793 1460 968 1560 idipsum,
990 1459 1091 1562 quod
1118 1458 1174 1533 ilii
1200 1458 1318 1535 datum

250 1583 342 1671 fuit,
360 1581 405 1656 de
419 1581 548 1657 eodem
560 1581 739 1656 foramine
761 1594 940 1667 traxerat,
960 1576 1137 1653 mendacii
1155 1578 1318 1679 coepisset

251 1700 588 1801 arguere-Sume,
608 1698 745 1798 inquit,
760 1712 796 1770 et
809 1712 930 1797 gnsta3
946 1712 984 1769 et
995 1710 1244 1769 tuncmeuon
1254 1692 1318 1769 sni-

249 1843 349 1904 sum,
363 1816 424 1890 sed
435 1816 557 1915 potius
569 1841 696 1889 verum
704 1813 836 1887 dixisse
845 1811 1251 1913 probabis-sumpsit
1264 1810 1317 1885 illc

250 1932 543 2032 atquegustavit,
563 1928 706 2030 sibique
718 1930 889 2003 similiter
900 1930 1027 2001 vinum
1047 1926 1142 2021 hoc,
1158 1952 1317 2003 nuncu*-

252 2048 376 2119 visiam
398 2072 520 2144 sapere
545 2060 694 2118 testatus
715 2062 782 2118 est.
810 2046 916 2117 Tunc
942 2044 1071 2118 tertios
1091 2060 1132 2117 et
1146 2058 1314 2145 quartus,

253 2158 1314 2263 caeteriquequioderant,singillatimgustandoetminndn,

255 2293 375 2351 totum
390 2276 490 2377 quod
507 2277 544 2349 in
557 2304 637 2351 vase
647 2276 766 2350 fuerat
777 2274 985 2351 ebiberunt.
1000 2276 1196 2377 Quotquot
1203 2290 1315 2351 sutem

255 2395 338 2470 inde
348 2410 601 2495 gustaverunt,
619 2396 729 2484 meri,
754 2422 832 2470 non
848 2396 1009 2470 oeruisiae
1025 2392 1064 2467 id
1075 2418 1245 2493 saporem
1259 2392 1316 2469 ΙΙ-

255 2512 372 2587 baisse
383 2568 395 2601 ,
417 2519 536 2587 testati
553 2529 647 2585 sunt

301 2987 363 3058 45.
391 2986 553 3072 interes,
573 3009 657 3057 cum
675 2985 713 3055 in
731 2982 836 3083 hujus
855 2986 947 3085 signi
965 2985 1206 3061 admiratione
1223 3000 1314 3061 atto·

253 3100 321 3171 niti
336 3115 539 3197 stuperent,
551 3101 706 3201 contigit
717 3115 760 3172 ut
773 3126 909 3189 cereus,
921 3103 1022 3201 cujus
1034 3102 1174 3177 iumine
1186 3100 1316 3177 ibidem

253 3213 468 3304 utebantur,
494 3232 532 3289 et
551 3232 640 3289 tunc
665 3233 817 3318 propter
831 3244 961 3318 cupam
978 3219 1106 3318 parieti
1123 3218 1248 3294 affixus
1260 3246 1317 3293 ar·

252 3330 375 3415 debat,
395 3333 540 3408 nemine
552 3335 809 3437 contingente,
832 3337 870 3409 in
887 3335 1033 3410 madens
1053 3334 1210 3411 humore
1223 3338 1318 3437 pssi-

252 3466 417 3523 mcntum
430 3450 572 3526 cederet
581 3480 592 3540 ς
606 3468 714 3552 atque
730 3454 779 3525 ita
795 3468 886 3528 esset
902 3455 1102 3543 extinctus,
1120 3468 1225 3529 utne
1237 3480 1319 3554 par·

251 3568 392 3640 sissima
403 3568 553 3668 quidem
570 3572 608 3643 in
620 3597 665 3645 eo
681 3571 836 3644 scintilla
850 3586 1066 3646 remaneret.
1081 3570 1202 3664 Quem
1225 3594 1318 3645 uum

249 3711 377 3759 corum
395 3686 593 3787 arripiens,
612 3687 657 3761 nd
671 3690 807 3763 ostium
821 3691 1005 3775 cucurrit;
1023 3688 1085 3762 sed
1099 3686 1256 3763 honore
1266 3702 1318 3763 ts·

250 3801 445 3875 nebrarum
462 3820 669 3903 permotus,
687 3807 898 3905 priusquam
914 3804 1160 3906 egrederetur,
1184 3804 1224 3877 in
1241 3804 1318 3904 ipso

248 3916 375 3994 limine
402 3935 522 3992 stans:
549 3922 695 4015 Sancti,
718 3923 858 4021 inquit,
883 3937 1064 4023 martyres
1086 3918 1318 3993 Mnoessinu

248 4051 284 4106 ct
302 4037 429 4109 Petrus
441 4064 508 4112 nos
519 4038 705 4139 adjuvent!
720 4038 776 4113 Ad
785 4065 895 4139 quam
914 4036 1183 4112 invocationem
1194 4060 1318 4111 cetus

248 4151 324 4243 itte,
349 4180 458 4253 quem
483 4182 591 4228 manu
612 4154 779 4243 tenebat,
800 4182 972 4233 accensus
986 4169 1053 4229 est.
1067 4184 1140 4223 ›r-
1150 4152 1236 4227 uec
1254 4150 1315 4225 ubi
