3090 5302
236 435 294 494 152
521 436 571 496 Au
594 434 786 495 trunsum
809 432 1012 494 uersToLss

234 550 332 621 lutati
348 575 469 619 sumus.
492 553 572 621 Inde
588 557 738 645 navigio,
763 557 866 647 pisces
878 553 1037 646 capiendo
1050 603 1059 633 ‚
1073 550 1116 620 ud
1136 551 1247 620 villsrn
1257 553 1293 620 ll.

232 671 450 762 pervenimus.
474 672 600 739 Tassilo
626 696 721 754 vero,
744 687 780 739 ut
796 695 980 764 speremus,
1003 668 1110 737 fidelis
1127 684 1247 747 vester,
1262 669 1298 736 de

234 785 297 867 his,
306 785 426 876 quaesb
438 809 477 853 co
489 789 708 878 quesivimus,
721 789 912 855 festinanter
922 787 1017 853 nobis
1028 786 1064 853 in
1076 784 1299 853 omnibusrcs·

232 925 371 992 ponsunr
385 900 475 971 dedit
486 918 518 970 et
528 920 699 996 putamus,
714 906 826 972 sicum
839 902 1066 996 probaveritis,
1079 900 1299 969 etsecrrndurn

234 1020 402 1086 scientiam
424 1018 475 1087 rel
493 1020 677 1090 doctrinam
699 1039 858 1103 vestram,
875 1019 1000 1112 sliquid
1017 1020 1188 1089 servitium
1204 1021 1237 1088 ei
1251 1022 1301 1087 iu·

231 1135 422 1225 junxeritis,
444 1137 534 1227 quod
549 1138 643 1205 vobis
654 1139 770 1206 exinde
783 1138 911 1231 placere
930 1186 1164 1204 .......
1190 1151 1216 1204 t.
1233 1136 1304 1205 Pro·

234 1277 349 1320 camur
364 1253 505 1346 denique
521 1256 624 1324 utillo
637 1257 807 1349 preposito
819 1271 926 1322 vestro
940 1254 1136 1346 precipiatis
1146 1269 1185 1322 ut
1195 1252 1238 1321 de
1249 1251 1305 1320 illo

235 1393 362 1452 menso,
380 1394 446 1461 quo
461 1387 566 1439 vestro
578 1374 695 1440 ceritas
707 1373 801 1440 nobis
813 1369 1036 1452 beneficiavit,
1052 1368 1179 1436 bonum
1200 1383 1303 1436 cortr-

236 1508 335 1566 men‚
362 1486 541 1555 secundum
570 1490 817 1580 promissionem
837 1503 994 1573 vestram,
1017 1487 1139 1556 hebere
1162 1484 1305 1563 student,

236 1598 376 1690 qualiter
403 1602 497 1670 nobis
521 1604 677 1696 vobisque
696 1604 813 1673 exinde
842 1630 965 1674 merces
989 1608 1038 1695 (r)
1059 1603 1241 1671 adcrescat.
1259 1600 1308 1667 De

237 1717 372 1808 plumbo
377 1771 569 1789 ......
584 1738 616 1790 ct
628 1724 851 1790 materiamine
863 1724 1013 1791 similiter
1022 1721 1220 1791 demundste
1232 1741 1309 1810 qur·

239 1832 313 1901 liter
334 1838 478 1927 navigio,
495 1839 589 1928 juxta
604 1838 803 1906 voluntatem
808 1889 1003 1907 ......
1028 1837 1115 1906 lesco
1131 1835 1190 1904 illo
1207 1857 1309 1927 nsque

239 1948 280 2015 ad
298 1949 421 2035 locum,
433 1952 489 2020 ubi
502 1954 603 2044 Signa
615 1955 751 2022 confluit
767 1958 800 2023 in
818 1980 927 2038 mere,
943 1979 1002 2023 nos
1013 1957 1058 2023 its
1071 1954 1237 2024 adducere
1261 2003 1271 2019 .
1297 2002 1308 2017 .

243 2116 400 2132 .....
426 2083 585 2159 quatenus
602 2069 772 2137 dominum
793 2095 902 2138 meum
917 2086 1063 2139 sunctum
1080 2068 1199 2151 Illum,
1217 2091 1310 2136 rmn-

240 2195 343 2249 torem
357 2185 405 2271 (2)
421 2199 562 2253 vestrum
573 2237 581 2267 ‚
593 2210 659 2253 une
676 2210 750 2253 curn
774 2188 927 2255 omnibus
940 2189 1059 2255 sanctis
1072 2208 1218 2279 quorum
1235 2182 1312 2253 reli·

241 2302 374 2391 quiasin
386 2305 581 2371 monasterio
594 2304 769 2388 hebemus,
784 2307 1011 2374 intercessores
1021 2304 1138 2373 exinde
1150 2303 1309 2371 habentis.

240 2419 330 2483 Deus
347 2421 553 2511 omnipotens
568 2445 607 2488 ex
624 2422 675 2488 his
694 2423 893 2514 temporibus
913 2425 946 2490 in
961 2422 1111 2515 presenti
1126 2418 1240 2487 seculo
1256 2442 1313 2487 ros

241 2558 355 2602 senum
382 2551 413 2603 et
434 2536 631 2605 incolumem
653 2539 812 2607 custodiat
834 2554 865 2607 et
881 2540 915 2607 in
935 2540 1067 2621 lutuno,
1093 2561 1170 2607 curu
1192 2536 1313 2605 sanctis

242 2653 378 2744 angelis,
389 2653 608 2723 lretubundum
622 2656 750 2723 efficiet.
760 2656 878 2724 Amen.

731 2798 818 2857 *Vl

285 2934 334 3021 (3)
349 2935 493 3001 Domino
511 2933 777 3014 clementissimo,
798 2958 816 2999 a
839 2934 909 3000 Deo
932 2931 1034 3000 electo
1056 2946 1089 2999 et
1116 2928 1310 3008 sublimato,

276 3152 317 3216 (ι)
332 3148 402 3206 Cod.
418 3153 526 3204 mercis.
542 3160 570 3203 ot
582 3148 684 3205 deinde
697 3150 817 3223 spatium
831 3149 914 3204 unius
925 3150 999 3205 vocis
1009 3166 1127 3204 vacuum
1140 3145 1237 3203 liniret.

276 3247 315 3315 (s)
334 3245 403 3302 eod.
416 3255 575 3300 amatorem.

274 3340 313 3413 (3)
331 3343 412 3399 Cette
424 3342 507 3398 lettre
518 3354 560 3398 est
571 3345 641 3399 tiree
650 3343 689 3397 du
700 3344 791 3400 meme
802 3345 954 3400 mauuscrit
963 3362 1018 3419 qne
1028 3342 1053 3397 la
1063 3339 1249 3416 precedentc3
1259 3341 1312 3398 elle

240 3449 281 3494 cst
294 3439 333 3493 du
345 3439 435 3494 munic
447 3450 546 3513 temps,
557 3458 612 3507 car,
627 3450 709 3494 outre
716 3439 742 3494 le
752 3440 821 3513 style
833 3451 861 3496 et
873 3440 912 3496 les
922 3439 1064 3507 formula,
1078 3437 1131 3495 elle
1143 3456 1217 3493 norrs
1223 3436 1311 3512 penit

240 3541 353 3592 e'mancr
369 3537 435 3592 d’un
455 3549 539 3612 agent
558 3537 593 3593 dc
611 3538 712 3611 Pepin,
734 3540 776 3593 roi
796 3537 985 3613 d'Aquitaine‚
1005 3538 1106 3611 ruptis
1119 3534 1155 3590 dc
1170 3533 1310 3591 louikle·

240 3634 426 3704 Debonnaire‚
433 3646 462 3691 et
470 3635 522 3691 elle
532 3637 656 3709 pourrsit
663 3636 727 3691 bien
736 3637 812 3690 avoir
820 3638 865 3691 e'te'
871 3637 957 3691 ecrite
965 3635 1062 3690 soiterr
1070 3630 1132 3702 830,
1139 3634 1238 3689 soiten
1247 3629 1307 3697 854,

239 3731 352 3806 lorsque
365 3733 453 3806 Pepin
466 3743 493 3788 et
504 3732 832 3807 louis-le-Germsniquc
848 3750 877 3788 sc
892 3732 1112 3806 mpprocherent
1123 3731 1160 3787 dc
1170 3730 1234 3787 leur
1245 3730 1310 3805 pere

240 3840 338 3884 contre
352 3830 490 3895 isthanc,
507 3829 567 3886 leur
578 3831 650 3885 frere
659 3831 730 3885 atne.
747 3831 825 3896 Mais,
842 3848 913 3904 pour
925 3828 1081 3885 l’sttribner·
1093 3831 1109 3882 l
1121 3815 1276 3901 Eginltsrd,
1289 3822 1307 3879 il

239 3924 359 3981 faudrait
378 3944 520 4000 supposes,
533 3939 613 3982 entre
626 3927 666 3982 lui
676 3936 705 3983 et
717 3928 819 4001 l’epin,
832 3926 880 3983 des
893 3927 1023 3982 relations
1033 3925 1103 3981 dont
1114 3925 1252 3981 l’lristoirc
1265 3922 1306 3977 n'a

238 4042 285 4095 pas
302 4024 385 4096 garde
399 4025 424 4079 lc
441 4027 578 4080 sorrvcnir.
592 4025 666 4095 Quoi
683 4023 750 4098 qu'il
763 4044 797 4080 en
809 4027 875 4091 soit,
892 4044 999 4080 cornnrc
1011 4034 1083 4079 cetto.
1096 4022 1179 4079 lettre
1191 4021 1261 4077 ollrc
1271 4018 1305 4073 de

235 4119 357 4177 l’inte'rct
376 4134 404 4177 rt
418 4122 516 4196 qu'ellc
531 4133 572 4176 cst
589 4121 703 4188 inedito,
725 4140 794 4176 nous
812 4142 894 4181 avons
907 4125 991 4196 pense
1008 4121 1092 4195 qrr'on
1107 4138 1142 4175 nc
1155 4119 1240 4175 serait
1257 4132 1304 4191 prr

237 4214 316 4271 siche
328 4217 363 4273 de
375 4217 399 4272 la
414 4231 556 4274 rotrorrrcr
568 4219 613 4272 ici.
