3166 5280
262 469 321 526 asa
488 464 671 525 nrsronra
693 464 1007 541 ramstarrours,
1030 488 1092 528 m.

261 610 363 656 mane
378 583 474 655 facto
489 583 533 655 de
549 609 677 657 somno
692 584 860 684 evigilans
879 584 1027 658 inlecto
1043 610 1110 659 suo
1127 584 1292 669 resideret,

260 718 297 773 et
304 705 405 800 juxta
420 700 713 774 consuetudinem
728 701 1067 800 expergiscentium,
1084 700 1296 801 protensione

259 815 489 889 brachiorum
512 832 548 890 et
570 816 703 889 assidua
732 819 964 906 oscitatione,
990 818 1034 891 ad
1052 816 1298 891 discutiendum

258 960 476 1022 marcorem,
497 960 533 1007 se
555 932 785 1025 extenderet,
805 960 844 1007 os
863 934 970 1033 paulo
991 932 1194 1021 diductius,
1210 958 1300 1035 quau

257 1049 430 1136 debebat,
454 1049 617 1146 aperuit,
642 1047 896 1149 disjunctisque
913 1053 1015 1149 juxta
1032 1075 1135 1123 aures
1156 1046 1302 1121 maxilla·

258 1194 339 1238 rum
354 1166 588 1266 coagmentis,
610 1164 710 1238 hians
724 1167 1009 1240 rictusconstitit
1023 1165 1303 1255 immobilique

252 1288 326 1383 jam
338 1310 378 1356 os
391 1282 554 1355 claudere
566 1281 698 1371 valens,
714 1307 877 1381 personae
887 1309 996 1382 quum
1011 1281 1154 1359 bomini
1168 1280 1305 1355 similior

255 1398 396 1486 effecta,
421 1397 640 1497 gravissimas
666 1398 819 1470 incautae
840 1397 1061 1470 oscitationis
1086 1422 1216 1496 poenas
1236 1394 1304 1469 lue·

253 1512 329 1586 bat.
346 1517 423 1587 Hoc
440 1512 502 1586 ubi
516 1512 735 1586 mulierculis
750 1513 788 1585 in
804 1512 927 1587 eodem
942 1512 1059 1587 fundo
1071 1510 1305 1586 habitantibus

254 1632 436 1720 innotuit,
455 1646 651 1702 accurrunt
660 1684 671 1719 ,
694 1628 883 1729 herbisque
896 1644 933 1703 et
949 1628 1088 1702 frivolis
1105 1628 1306 1703 incantatio·

253 1748 360 1820 nibus
387 1747 478 1821 male
501 1744 645 1820 babenti
669 1772 876 1820 succurrere
896 1746 1113 1820 moliuntur.
1143 1744 1215 1819 Sed
1241 1768 1305 1819 uon

254 1863 380 1936 habuit
405 1864 573 1937 ellectum
598 1889 687 1934 vana
717 1889 757 1933 ac
786 1864 1028 1962 superstitiosa
1054 1862 1303 1963 presumpte

253 1976 472 2078 vexabatque
499 1979 620 2076 potius
645 1976 870 2050 laborantem
897 1992 1004 2080 atque
1025 1977 1183 2053 laedebat
1208 1976 1305 2079 quid·

252 2094 340 2193 quid
360 2094 535 2193 imperitae
559 2119 706 2179 manus,
728 2092 826 2165 velut
847 2093 966 2169 studio
987 2091 1179 2180 medendi,
1202 2092 1304 2167 eidem

252 2206 508 2281 adhibuerunt.
535 2209 675 2280 Interea
699 2207 810 2280 irater
834 2208 951 2280 mariti
975 2206 1135 2307 ejusdem
1158 2206 1305 2281 mulien't

252 2325 478 2424 supervenit,
499 2321 704 2423 salubrique
724 2325 876 2399 consilio
897 2325 1039 2423 rogavit
1066 2338 1110 2397 ut
1127 2324 1173 2397 ad
1191 2322 1305 2397 basili-

252 2468 330 2515 cam
338 2445 542 2543 Martyrum
555 2443 632 2514 sine
647 2468 748 2514 mora
761 2441 971 2529 duceretur3
985 2439 1036 2514 ibi
1050 2442 1234 2515 affirmans
1246 2464 1307 2515 east

252 2559 462 2646 sanandam,
483 2559 512 2629 si
532 2583 690 2658 unquam
706 2557 803 2633 foret
816 2574 1001 2658 receptura
1011 2560 1226 2633 'unitatem
1239 2558 1307 2633 su

255 2677 392 2776 timque
406 2678 574 2775 jumento
593 2675 796 2773 impositam
810 2673 942 2748 ducere
959 2674 1141 2775 incipiunt
1154 2702 1167 2761 ς
1182 2698 1308 2775 appro-

251 2795 468 2895 pinquantes
496 2808 617 2866 autem
646 2791 801 2865 basilicae
812 2846 822 2879 ,
855 2791 899 2866 de
918 2794 1089 2891 jumento
1118 2791 1310 2893 depositam

253 2911 403 3013 pedibus
433 2909 597 2983 incedere
619 2909 769 2981 faciunt.
803 2910 967 3009 Cumque
992 2932 1036 2983 eo
1065 2907 1138 2985 loci
1169 2924 1311 2985 ventum

254 3044 343 3101 esset
370 3041 412 3098 ut
426 3030 501 3125 jam
521 3025 714 3111 turricula,
738 3050 820 3124 quae
843 3024 942 3123 signa
967 3022 1127 3098 basilicae
1147 3024 1312 3099 contine-

252 3141 332 3230 bat,
348 3140 394 3214 ab
411 3142 460 3214 eis
478 3141 635 3239 conspici
654 3142 851 3240 potuisset,
868 3140 973 3240 eique
986 3155 1029 3211 ut
1040 3138 1084 3211 ad
1098 3166 1181 3213 eam
1194 3138 1311 3213 videu-

252 3258 334 3330 dam
347 3257 470 3331 oculos
485 3255 635 3345 levaret,
655 3255 691 3328 bi
709 3256 770 3356 qui
787 3282 865 3328 eam
878 3252 1058 3329 ducebant
1074 3255 1311 3355 imperarent,

252 3375 408 3474 aspexit,
424 3371 534 3461 vidit,
552 3399 592 3444 ae
610 3371 686 3445 sine
698 3371 772 3443 ulla
788 3371 999 3469 interposita
1013 3396 1116 3445 mora
1128 3372 1313 3445 sanim

252 3492 398 3591 recepit.
419 3489 471 3562 lbi
494 3515 618 3562 omues
638 3489 772 3587 pariter
793 3489 829 3559 in
850 3504 981 3561 terram
998 3504 1205 3581 corruunt,
1224 3486 1313 3561 diri·

251 3633 333 3680 nam
349 3605 628 3679 miscricordiam
647 3603 779 3705 quibus
792 3602 912 3675 valent
932 3601 1097 3675 laudibus
1111 3602 1311 3687 extollunt,

251 3740 505 3824 surgentesque
527 3720 570 3793 ad
594 3720 773 3793 basilicam
802 3735 1038 3819 properanter
1058 3733 1240 3821 pergunt3
1266 3734 1311 3807 et,

249 3838 403 3914 adoratis
429 3838 656 3910 sanctissimis
679 3836 921 3936 Martyribus,
946 3860 986 3906 ac
1004 3836 1102 3907 votis
1119 3862 1193 3935 pro
1209 3832 1312 3911 motio

249 3955 460 4028 facultatum
478 3952 688 4052 persolutis,
708 3950 752 4023 ad
772 3951 918 4051 propria
939 3976 1022 4022 cum
1039 3948 1160 4023 multa
1179 3948 1312 4025 exulu-

250 4074 348 4145 tione
363 4085 607 4144 revertuntur.
622 4067 785 4141 Vidimus
799 4092 866 4140 nos
880 4065 1040 4139 eamdem
1058 4062 1238 4139 feminum
1247 4118 1260 4155 ,
1278 4074 1310 4135 et

1104 4754 1347 5224 A
