3166 5280
250 461 290 522 22
570 455 763 519 Efflmnl
787 456 992 518 EPlS'rotAE.

250 569 533 647 retributionem
544 571 612 643 uisi
624 571 847 668 amicitiam(
853 572 889 668 s)
900 587 1013 642 uum.
1028 567 1318 667 Delopilsvero‚

249 685 395 788 quaudo
410 684 556 758 insimul
569 684 745 761 fuerimus
756 685 994 785 locustjsnss
1005 684 1108 786 quod
1119 698 1209 756 tunc
1221 682 1321 756 inter

250 828 317 877 nos
332 802 565 891 convenerit,
579 801 696 877 lasere
706 818 850 902 paratus
862 828 943 874 sum
960 833 969 874 :
983 817 1021 876 et
1034 802 1114 876 ideo
1128 798 1195 873 tihi
1208 798 1321 873 modo

249 919 352 1020 plura
368 944 432 1017 per
448 918 585 993 litteras
599 945 695 992 meus
712 920 870 992 indicare
892 946 967 993 non
985 945 1144 1018 possum.
1163 917 1260 1016 Opto
1276 932 1322 987 ut

250 1059 392 1135 semper
405 1033 500 1109 bene
516 1035 629 1107 vslsss
648 1037 685 1107 in
700 1037 874 1109 Domino.

356 1504 440 1565 xlv,
464 1506 515 1565 AD
536 1504 807 1567 uultwsnnuu
829 1504 1209 1568 BluuoTflsscsffluu.

298 1662 541 1742 Dilectissimo
556 1664 663 1736 srstri
679 1661 893 1751 (letuardo,
913 1661 1118 1734 Einhardns
1132 1658 1323 1757 sempiter-

251 1804 336 1854 num
355 1779 392 1852 iu
405 1779 566 1855 Domino
580 1778 745 1852 sulutem.
765 1821 818 1838 -
835 1776 994 1851 Dubium
1014 1773 1103 1848 mihi
1126 1791 1180 1848 est
1195 1789 1324 1846 nuum

250 1895 295 1969 de
309 1908 345 1968 le
360 1895 495 1968 sesstise
510 1891 657 1967 debeam
666 1946 678 1981 ‚
702 1893 802 1994 quod
817 1909 881 1965 aut
899 1893 1036 1967 litterss
1056 1918 1151 1965 mess
1165 1917 1244 1966 non
1265 1890 1326 1962 in-

254 2009 468 2100 tellexisses,
492 2026 559 2084 sut
580 2011 628 2083 ds
653 2011 816 2110 periculo
841 2036 923 2086 meo
946 2037 1023 2086 non
1046 2007 1231 2084 cumsses?
1253 2007 1326 2082 Sed

252 2124 393 2203 lucilius
405 2124 444 2199 iu
456 2150 540 2200 eum
552 2151 696 2199 sensum
706 2126 867 2201 adducor
875 2128 937 2226 (2)
951 2143 992 2199 ut
1004 2127 1162 2200 arbitrer
1173 2141 1327 2226 propter

252 2240 388 2346 sliquos
399 2243 657 2344 occupationes
668 2245 799 2344 scriptu
817 2271 927 2320 mesa
943 2261 979 2319 te
992 2271 1122 2346 parum
1130 2243 1328 2345 diligenter

254 2360 345 2437 lectu
367 2373 403 2435 et
426 2359 605 2435 intellectu
626 2360 753 2450 luisse,
775 2389 884 2463 quum
907 2379 950 2435 ut
972 2363 1116 2437 credam
1139 2363 1328 2435 caritatem

253 2493 353 2554 tuam
379 2480 590 2555 comminuti
615 2478 705 2552 mihi
729 2481 879 2580 periculi
905 2508 1028 2554 curam
1048 2508 1125 2554 non
1146 2479 1325 2553 habuisse.

256 2597 420 2672 llortsris
436 2599 554 2688 euim,
579 2599 692 2672 immo
710 2598 902 2673 consilium
919 2598 1000 2688 das,
1024 2613 1086 2686 ut,
1112 2598 1250 2672 omissis
1271 2597 1328 2696 (ὅ)

256 2711 462 2816 Martyrum
475 2710 655 2804 excubiis,
669 2712 804 2817 quibus
816 2715 1062 2789 indesinenter
1075 2714 1193 2787 adesse
1215 2727 1252 2785 et
1269 2713 1326 2783 in-

256 2834 513 2935 teressejussus
527 2858 629 2924 sum,
645 2832 819 2934 palatium
829 2849 970 2933 petam
988 2858 1073 2907 cum
1085 2829 1176 2905 mihi
1189 2843 1328 2929 septem

255 2947 397 3028 dierum
413 2948 575 3029 absentis
599 2951 754 3051 poeuslis
776 2950 900 3026 futuru
922 2950 1132 3027 denuntiata
1150 2949 1198 3023 sit
1215 2979 1225 3020 ι
1242 2973 1328 3048 quoe

256 3091 334 3144 non
351 3066 468 3144 solum
485 3068 523 3143 in
542 3094 641 3144 mors
659 3069 698 3143 in
715 3069 849 3169 palutio
867 3067 1049 3157 facienda,
1068 3067 1130 3143 sed
1150 3093 1197 3142 ne
1212 3068 1251 3141 in
1269 3067 1328 3139 iti·

256 3208 362 3276 uers,
378 3182 478 3284 quod
491 3183 534 3260 sd
547 3184 720 3287 palatium
736 3183 959 3287 pergendum
972 3201 1043 3275 est,
1059 3186 1177 3262 caveri
1189 3197 1327 3283 potest,

258 3300 461 3403 presertim
484 3327 504 3377 s
529 3303 694 3404 nequi,
721 3319 795 3378 tam
816 3317 967 3404 propter
990 3303 1058 3380 viae
1083 3302 1330 3377 difficultatem

257 3441 367 3522 qussu
382 3418 545 3523 corporis
562 3415 778 3496 imbecillam
789 3419 1034 3498 valetudinem
1045 3421 1101 3522 (l)
1110 3474 1122 3511 ,
1136 3445 1220 3497 raro
1234 3416 1330 3492 cele·

258 3535 335 3613 rius
352 3559 465 3638 quum
487 3551 625 3637 septem
644 3535 786 3614 dierum
803 3540 922 3641 spatio
942 3537 987 3615 de
1002 3536 1116 3640 Aquis
1134 3537 1179 3612 ad
1194 3537 1331 3636 Marty-

258 3678 342 3728 rum
354 3651 481 3727 limiuu
492 3654 595 3754 potui
611 3658 815 3755 pervenire.
835 3657 903 3730 Sed
912 3659 989 3758 jam
1003 3683 1105 3730 nunc
1118 3680 1209 3758 rogo
1222 3669 1331 3754 atque

294 3971 335 4040 (ι)
351 3969 423 4027 cod.
439 3973 601 4026 amissum.

293 4056 333 4127 (u)
349 4057 396 4111 ste
409 4057 512 4126 eodm
526 4057 594 4115 edit.
610 4056 747 4114 adducar.

293 4140 333 4214 (3)
350 4144 422 4203 Cod·
436 4151 540 4204 omisis.

294 4232 334 4301 (l)
352 4231 423 4288 eod.
438 4235 633 4292 ualitudinem.
