3090 5302
562 434 752 496 ElNllAllDl
775 434 947 495 CHART-AE.
1224 433 1280 496 tet

231 569 390 652 partem,
405 579 512 652 quam
525 556 557 627 ei
577 557 757 628 canonicae
774 553 994 630 liberationis
1009 554 1125 628 bonor
1143 580 1285 627 conces·

234 672 339 760 serit,
356 669 488 744 habens
502 670 545 744 ad
561 671 629 745 hoc
642 691 763 773 portas
780 690 935 772 apertas,
957 674 1048 746 sicut
1060 672 1180 745 caeteri
1194 672 1286 744 cives

235 786 389 858 romani.
405 787 455 858 lta
469 801 510 857 ut
526 786 691 887 deinceps
709 815 823 889 neque
840 787 945 861 nobis
954 841 965 875 ,
988 813 1103 886 neque
1115 812 1288 860 successo

235 902 335 975 ribus
351 903 483 976 nostris
500 904 615 976 ullum
634 903 759 978 debeat
771 905 910 993 noxiae,
934 904 989 977 vel
1008 903 1143 977 servilis
1163 901 1289 977 condi·
1331 899 1333 903 ’

237 1019 345 1091 tionis
368 1019 570 1108 servitium,
600 1046 715 1121 neque
735 1019 880 1120 aliquod
909 1019 1153 1093 libertinitatis
1181 1017 1289 1091 obse·
1377 1069 1382 1081 ·

235 1136 381 1234 quium;
420 1135 480 1208 sed
512 1136 680 1209 omnibus
713 1135 837 1209 diebus
868 1137 960 1210 vitae’
985 1163 1058 1209 suae
1096 1133 1163 1206 sub
1196 1149 1290 1208 certa

238 1251 509 1353 plenissimaque
533 1255 772 1354 ingenuitate,
799 1255 892 1326 sicut
914 1254 973 1326 alii
1002 1254 1095 1326 cives
1121 1253 1288 1340 romani,

237 1396 303 1468 per
327 1367 424 1441 hunc
447 1371 733 1444 manumissionis
750 1387 856 1471 atque
879 1370 1107 1471 ingenuitatis
1125 1369 1289 1456 titulum,

239 1511 377 1584 semper
392 1485 484 1559 bene
497 1488 671 1586 ingenuus
682 1503 788 1586 atque
802 1513 945 1559 securus
962 1486 1106 1573 existat3
1122 1482 1214 1559 etde
1231 1509 1295 1585 pe-

239 1601 370 1676 culiare
380 1603 479 1704 quod
493 1601 617 1690 habet,
638 1621 699 1675 aut
711 1603 809 1703 quod
822 1603 953 1676 abhinc
966 1603 1102 1704 assequi
1120 1609 1292 1701 potuerit,

239 1717 343 1789 saciat
363 1718 559 1791 secundum
577 1744 757 1791 canonum
778 1720 1027 1791 auctoritatem
1048 1717 1161 1792 libere
1188 1716 1295 1816 quid-

239 1831 327 1931 quid
343 1833 512 1907 voluerit.
534 1837 582 1906 Et
601 1851 642 1907 ut
663 1832 740 1907 haec
762 1834 1049 1908 manumissionis
1066 1848 1102 1908 et
1120 1833 1294 1907 libertatis

240 1948 432 2020 auctoritas
465 1949 709 2021 inconvulsam
735 1965 841 2050 atque
867 1947 1111 2022 inviolabilem
1136 1948 1296 2023 obtineat

242 2062 469 2157 firmitatem,
489 2092 598 2137 manu
612 2066 757 2164 propria
778 2064 1079 2154 subterfirmavi,
1101 2065 1298 2140 sacerdotes

242 2205 387 2279 quoque
408 2198 445 2254 et
466 2182 602 2256 clerum
621 2184 775 2256 ecclesiae
798 2200 949 2268 nostrae,
975 2209 1116 2257 necnon
1135 2199 1170 2258 et
1191 2184 1297 2256 laicos

244 2294 395 2385 nobiles,
414 2299 475 2398 qui
493 2298 576 2371 huic
590 2299 806 2373 absolutioni
819 2316 1012 2398 praesentes
1025 2299 1187 2390 suerunt,
1202 2301 1298 2372 simi-

243 2412 326 2485 liter
339 2412 461 2487 subter
474 2415 618 2489 firmare
629 2417 763 2514 rogavi.
781 2415 912 2487 Actum
925 2419 1091 2514 Trajecto
1104 2416 1192 2486 citra
1209 2417 1296 2488 ilre-

245 2554 335 2601 num
359 2531 396 2602 in
426 2533 642 2605 monasterio
666 2533 786 2604 Sancti
814 2533 983 2618 Servasii,
1008 2558 1128 2619 anno,
1155 2531 1298 2604 Christo

243 2648 422 2744 propitio,
442 2649 581 2747 imperii
599 2648 723 2721 domni
744 2647 998 2743 [Hludowiei]
1015 2648 1082 2734 Vl,
1102 2647 1298 2721 indictione

244 2767 483 2866 xum-Ego
499 2765 700 2838 Einhardus
718 2765 843 2854 abbas,
859 2792 967 2838 manu
982 2766 1126 2864 propria
1146 2763 1299 2837 subscri·

245 2879 364 2957 bendo
383 2884 534 2956 firmavi.

556 3176 661 3214 cuam
684 3174 806 3213 mutuent
828 3171 995 3211 ARGUMBN'H

364 3320 388 3378 E
404 3320 501 3380 codice
519 3321 701 3381 Laudunensi
719 3341 795 3378 nunc
812 3319 937 3398 primum
951 3315 1118 3396 deprompta
1134 3319 1185 3391 (t).

302 3506 505 3580 Auctoritas
514 3506 742 3578 ecclesiastica
753 3517 917 3604 patenter
926 3499 1307 3595 admonct‚insupcrct

251 3623 346 3721 regia
368 3621 572 3722 [majestas]
592 3623 773 3694 carronicae
791 3619 958 3719 religioni
974 3640 1153 3690 assensum
1170 3611 1307 3714 praebet

344 3822 407 3828 ψῃ...
414 3820 500 3828 -νᾳῃ-
507 3821 517 3825 u
525 3819 531 3824 -
546 3819 580 3826 ---
587 3820 614 3825 .-
631 3812 1033 3824 ῌ-..η---αΜ-ο

287 3917 326 3984 (ι)
344 3914 368 3967 ΙΙ
382 3915 427 3984 n'y
443 3930 559 3967 aaucun
571 3912 655 3966 motis
665 3910 828 3966 d’attribuer
840 3917 911 3963 cette
925 3906 1019 3960 charte
1031 3907 1045 3957 'a
1059 3890 1217 3975 Eginhard,
1237 3904 1258 3957 si
1277 3921 1308 3956 ce

254 4011 323 4064 n'est
335 4009 434 4083 qu’elle
447 4026 475 4063 se
487 4018 587 4062 trouve
599 4006 666 4061 dans
678 3995 704 4061 le
716 4005 867 4060 manuscrit
879 4002 913 4057 de
925 4002 1008 4057 Laon.
1020 3998 1191 4072 Cependant,
1202 4017 1309 4054 conante

253 4105 306 4160 elle
319 4107 445 4177 pre'sente
460 4103 601 4176 beaucoup
613 4102 765 4176 d'analogie
778 4118 840 4155 avec
853 4099 879 4155 la
891 4098 986 4152 charte
1003 4094 1183 4168 precedente,
1197 4105 1308 4170 etque,

254 4205 289 4259 de
302 4204 376 4277 plus,
395 4221 500 4258 comme
517 4199 645 4266 termule,
661 4199 711 4254 elle
725 4198 793 4254 n'est
807 4215 854 4270 pas
867 4212 927 4250 sans
943 4193 1057 4260 intersit,
1078 4210 1147 4247 nous
1164 4210 1246 4247 avons
1260 4210 1310 4246 cru
