3166 5280
256 380 297 437 72
575 375 771 438 Etlttltltnt
792 375 1001 441 EPlSTOLAE.

254 496 445 573 dominum
461 522 597 588 meum,
615 524 701 572 cum
715 496 760 572 ed
772 498 875 572 illum
889 497 1257 590 unanimorum
1265 499 1328 574 di-

253 613 941 716 gneminideeoquodadvosnonveui.
954 618 1048 691 Deus
1058 616 1329 719 teetiseetquod

251 731 298 807 de
313 730 518 807 valetudine
533 757 611 808 mea
626 733 682 832 (1)
696 732 835 806 nullam
845 731 1039 808 falsitatem
1052 730 1157 808 vobin
1167 733 1297 833 scripsi
1314 763 1325 806 ε

254 863 292 923 et
315 874 391 923 nou
419 849 537 924 nolum
560 848 653 941 hoe,
680 848 742 923 sed
764 850 874 925 etiam
892 848 993 952 quod
1014 849 1136 926 multo
1156 851 1327 952 graviore

253 979 340 1040 sunt
352 964 419 1039 alia
435 965 602 1069 quaedum
620 967 864 1056 incommoda,
878 993 962 1069 quae
980 967 1155 1067 patierin
1171 982 1328 1043 memet-

253 1086 346 1185 ipso,
368 1082 577 1186 dequibus,
596 1085 665 1159 nisi
684 1110 768 1159 eum
785 1084 1007 1177 fidelissimo,
1022 1085 1162 1160 nullam
1178 1110 1329 1187 poenum

250 1200 384 1278 hebere
401 1202 639 1278 locutionem.
657 1203 736 1278 Hoc
749 1217 870 1279 temen
888 1204 1017 1278 scitote
1035 1202 1136 1306 quod
1151 1206 1329 1304 mej0rem

252 1319 355 1395 robis
367 1347 490 1399 uorem
506 1321 583 1397 Deo
595 1322 795 1396 mercedem
810 1323 849 1395 in
865 1321 1034 1421 praeseuti
1046 1320 1235 1424 anquirere
1247 1346 1326 1397 non

249 1438 422 1537 potestis,
434 1464 545 1540 quem
557 1439 586 1511 si
601 1438 790 1512 effeceritis
802 1455 844 1512 ut
855 1436 944 1512 mihi
958 1437 1063 1513 liceat
1073 1438 1119 1511 ed
1134 1437 1328 1512 seruitium

249 1573 461 1631 sanctorum
477 1555 611 1631 Christi
627 1559 853 1659 Martyrum,
874 1584 957 1631 cum
976 1557 1138 1658 primum
1156 1557 1326 1645 reluere,

249 1670 435 1747 festinare.
455 1673 607 1746 Possum
626 1673 726 1746 enim
749 1672 836 1746 illue
855 1672 892 1745 in
912 1671 1121 1774 quindecim
1132 1671 1263 1747 diebus
1283 1671 1329 1747 de

250 1789 384 1865 Sancto
409 1789 458 1865 N.
480 1790 685 1892 navigando
711 1791 915 1891 pervenire.
945 1792 981 1863 Si
1012 1817 1071 1866 me
1097 1788 1327 1865 imbecillitas

251 1909 416 2008 corporis
436 1933 514 1983 non
536 1904 749 2006 impediret,
774 1934 852 1982 non
874 1906 936 1981 has
959 1908 1096 1983 litteras
1118 1907 1324 1997 mitterem,

251 2023 313 2098 sed
326 2025 447 2125 potius
464 2026 539 2126 ipse
554 2023 735 2116 venirem,
751 2043 789 2101 et
806 2026 843 2101 iu
861 2024 916 2100 his
929 2052 1014 2129 quae
1029 2024 1125 2128 apud
1135 2051 1201 2103 voe
1212 2050 1328 2127 egun-

253 2157 314 2215 tur
329 2143 435 2217 simul
452 2142 639 2222 vobiscum
655 2170 781 2220 essem.

612 2498 694 2562 xm.
718 2500 769 2561 tl>
790 2498 965 2562 AMICUM.

302 2657 424 2749 Nunc,
437 2660 476 2732 in
485 2661 627 2762 mugnis
638 2660 813 2762 angustiis
822 2662 975 2761 positus,
986 2684 1055 2735 oro
1062 2657 1328 2760 benignitatem

253 2791 422 2866 vestram,
436 2790 480 2850 nt
494 2775 590 2878 apud
602 2778 805 2879 piissimum
814 2776 1006 2852 dominum
1019 2792 1058 2851 et
1068 2777 1326 2876 imperatorem

252 2908 422 2966 nostrum
446 2918 515 2993 pro
541 2920 601 2969 me
624 2894 846 2970 intercedere
867 2892 1083 2994 dignemini.
1107 2892 1201 2967 Nam
1218 2892 1329 2993 jussit

252 3007 344 3081 mihi
363 3010 418 3107 (2)
435 3011 578 3110 regine,
597 3013 745 3112 qnando
760 3010 805 3086 de
821 3009 937 3111 Aquis
952 3036 1090 3112 egressu
1105 3025 1173 3101 ent,
1187 3008 1254 3111 qni
1275 3010 1329 3083 ei·

253 3125 332 3198 mul
346 3152 429 3199 cum
440 3153 480 3202 ee
493 3128 546 3203 ire
562 3154 640 3202 non
658 3144 836 3229 poteram,
850 3144 934 3229 post
948 3155 987 3203 ee
1002 3128 1047 3203 ad
1060 3124 1329 3229 compendium

254 3244 393 3317 venire.
422 3243 533 3343 Cujus
559 3246 752 3345 praeceptis
777 3244 1053 3345 obtemperans,
1079 3269 1164 3319 cum
1195 3268 1327 3344 magne

255 3359 477 3451 difficultate,
497 3362 557 3434 vix
572 3362 609 3435 in
627 3359 752 3438 decem
769 3360 910 3451 diebus,
930 3362 1011 3436 veni
1025 3361 1070 3435 ad
1080 3359 1325 3437 Valentinum.

255 3476 360 3567 lnde,
375 3479 439 3579 qui
453 3481 531 3578 jam
543 3480 600 3579 (3)
617 3482 778 3580 equitare
794 3506 871 3555 non
887 3480 1005 3573 valui,
1019 3504 1134 3580 usque
1149 3477 1194 3550 ad
1209 3478 1329 3550 Sane-

257 3611 338 3669 tum
360 3594 408 3669 N.
426 3597 604 3697 navigari.
617 3598 708 3671 Nam
722 3612 760 3672 et
776 3598 887 3671 nimia
903 3597 1041 3671 ventris
1057 3593 1193 3670 solutio
1210 3610 1250 3669 et
1266 3618 1330 3667 re-

256 3714 361 3786 nium
384 3712 493 3788 dolor
517 3715 629 3788 sicin
651 3741 711 3789 me
727 3711 941 3790 alternando
962 3713 1031 3788 sibi
1048 3711 1265 3802 succedunt,
1283 3726 1328 3784 nt

290 3993 330 4062 (ι)
346 3991 417 4047 cod.
431 4010 509 4047 meoe.

290 4082 329 4149 (u)
346 4080 416 4135 cod.
433 4086 495 4137 mei.

295 4169 329 4240 ¹3)
348 4171 392 4225 stc
406 4170 504 4229 codex.
519 4171 586 4226 edit.
601 4176 675 4243 quie
