3090 5302
235 366 296 425 336
459 362 643 424 HISTORIA
663 362 981 437 Tntnstt'rtottts,
1003 382 1067 425 mc.

234 500 321 575 dum
338 502 501 574 divinum
518 499 719 575 celebratur
738 501 915 589 officium,
939 527 1006 600 per
1025 499 1154 575 merita
1172 498 1287 575 botto-

235 644 317 691 rum
335 620 537 717 Martyrum
556 617 776 691 illuminatus
794 633 859 690 est.

283 1094 345 1165 tt.
372 1091 414 1162 ln
429 1088 548 1188 vigilia
562 1112 649 1161 vero
670 1086 859 1161 beatorum
874 1086 1123 1186 apostolorum
1141 1090 1238 1163 Petri
1258 1104 1292 1163 et

233 1205 357 1297 Pauli,
383 1206 418 1277 id
442 1220 494 1279 est
505 1258 516 1293 ,
535 1220 665 1304 quarto
683 1202 848 1276 kalendas
867 1203 969 1301 julii,
995 1203 1112 1302 puella
1129 1204 1292 1306 quiedam

234 1347 361 1423 parva,
384 1320 534 1395 nomine
551 1316 796 1409 Theotbalda,
818 1314 951 1392 habens
967 1320 1083 1393 aetatic
1099 1346 1237 1409 annos,
1254 1337 1293 1394 nt

232 1436 441 1539 putabatur,
468 1461 622 1524 novem,
644 1459 727 1535 quae
752 1432 867 1506 tribus
892 1434 998 1508 annio
1018 1434 1112 1509 nihil
1134 1436 1291 1528 viderat,

234 1570 398 1653 tempore
413 1550 576 1623 salutaris
597 1548 702 1623 officii
729 1549 768 1621 in
784 1546 899 1621 media
919 1550 1044 1649 populi
1063 1550 1294 1627 multitudine

233 1668 451 1754 constituta,
478 1666 682 1765 Martyrum
697 1662 973 1763 suffragantibus
991 1664 1151 1754 meritis,
1175 1666 1293 1741 lumen

235 1785 402 1857 amissum
431 1808 474 1857 ex
497 1782 618 1855 divina
644 1781 873 1855 miseratione
898 1782 1047 1880 recepit.
1077 1780 1214 1857 undem
1239 1784 1293 1859 die

233 1899 379 2001 quidam
398 1898 508 1973 homo
518 1952 529 1988 ,
548 1898 698 1974 nomine
714 1897 833 1987 Dodo,
859 1898 905 1972 de
926 1898 1010 1973 villu
1025 1900 1210 1976 Ponticuli
1231 1927 1294 1977 vo-

232 2033 326 2112 cata,
344 2017 408 2120 qui
424 2041 538 2090 annos
558 2042 618 2089 sex
635 2038 766 2088 curvus
782 2031 877 2104 erat,
897 2014 994 2090 etad
1013 2016 1153 2091 coelum
1168 2042 1206 2091 se
1222 2018 1294 2093 cri-

232 2161 315 2235 gere
331 2160 407 2208 non
419 2147 580 2232 poterat,
599 2132 749 2232 ideoque
763 2130 934 2207 brevibus
949 2134 1137 2225 anticulis,
1154 2150 1293 2211 susten·

233 2246 332 2323 tandi
353 2273 390 2321 se
405 2248 518 2347 gratia
534 2246 601 2319 sub
620 2247 733 2319 axillis
752 2248 897 2347 positis,
915 2274 1069 2322 cer-nuuc
1086 2247 1291 2339 incedebat,

235 2368 264 2440 is
283 2362 402 2439 eadem
421 2363 528 2453 horu,
546 2362 741 2464 eodemque
759 2364 797 2436 in
815 2364 916 2453 loco,
931 2391 999 2464 per
1012 2366 1293 2441 misericodiam

233 2482 296 2555 Dei
307 2496 344 2556 et
356 2505 420 2579 per
427 2480 555 2554 merita
565 2478 754 2555 beatorum
762 2480 962 2579 Martyrum
968 2498 1134 2572 ,erectus
1143 2510 1186 2558 uc
1193 2510 1293 2559 senus

232 2598 377 2674 effectus
393 2613 459 2673 est.

282 3066 343 3136 72.
370 3061 436 3134 Dic
452 3073 585 3160 quarto
600 3084 781 3133 nonarum
797 3059 990 3159 juliarum,
1009 3062 1180 3164 quaedam
1191 3062 1292 3139 vidua

233 3175 383 3249 nomine
405 3172 600 3261 Artanada,
622 3200 707 3276 quae
726 3175 830 3248 annis
850 3192 1007 3277 quatuor
1027 3178 1224 3253 oculorum
1242 3178 1293 3252 iu·

235 3299 334 3371 mine
362 3296 498 3397 privato
523 3294 615 3370 nihil
642 3294 805 3386 videbat,
831 3295 950 3371 auditu
977 3298 1156 3373 virtutum
1181 3300 1291 3389 nm,

235 3440 334 3515 spem
346 3414 442 3485 visus
454 3412 649 3513 recipiendi
664 3438 740 3487 non
750 3438 839 3487 vana
851 3411 922 3488 fide
934 3414 1122 3517 concepit3
1137 3432 1294 3519 uir-epto

235 3556 305 3632 que
322 3527 449 3601 baculo
458 3582 470 3617 ,
487 3529 560 3603 sota
577 3530 654 3604 sine
669 3529 821 3604 ductore
835 3528 880 3602 ad
891 3527 1120 3604 Valentinum
1136 3532 1191 3605 ire
1205 3558 1294 3607 oon·

235 3646 365 3721 tendit.
386 3646 548 3745 Cumque
565 3646 646 3719 vico
666 3646 955 3746 appropinquare
972 3646 1165 3745 coepittet,
1181 3648 1294 3721 visum

236 3784 289 3840 est
317 3765 348 3839 ei
377 3762 474 3865 quod
498 3762 597 3837 velut
620 3788 733 3835 unum
760 3762 845 3838 solio
868 3761 1010 3835 radium
1035 3762 1146 3839 ocuto
1169 3762 1294 3839 denuo

209 3968 212 3973 ¹
237 3881 460 3981 conspiceret
473 3908 484 3969 3
517 3906 557 3952 ac
585 3878 738 3978 proinde
762 3878 920 3952 divinum
950 3879 1179 3955 clementium
1204 3906 1294 3983 puro

237 3997 345 4071 conte
370 3997 555 4095 deprecata
582 4009 701 4068 estut
727 4021 791 4094 per
821 3994 1115 4071 intercessionem
1142 3998 1294 4071 Sancto-

235 4141 316 4187 rum
346 4139 493 4187 suorum
520 4112 703 4187 ecclesiam
726 4113 765 4186 S.
792 4111 899 4186 Salvii
928 4138 966 4187 te
993 4110 1117 4189 videre
1142 4114 1294 4215 permit-
