3090 5302
249 347 308 406 222
474 344 656 406 HISTORIA
678 343 992 418 Tutustsrtouts
1016 367 1076 407 arc.

250 466 369 568 quod,
389 492 447 538 me
465 480 621 553 tacente,
640 480 757 537 tamen
775 491 841 564 per
854 466 942 541 alios
953 467 1118 541 celeriter
1133 493 1170 542 es
1184 469 1308 570 cogni-

251 601 380 670 turus,
398 598 432 655 et
457 608 522 681 ego
540 583 635 654 illius
653 584 704 655 rei
726 583 794 657 sim
820 583 987 680 proditor
1006 583 1179 684 simplex,
1203 610 1308 686 quam

251 700 398 773 fortasse
422 699 510 771 alter
527 699 554 770 si
574 698 793 797 prodiderit,
814 726 889 777 uon
910 701 1123 800 simpliciter
1139 704 1309 775 enuntia-

250 817 323 905 bit,
343 843 458 916 neque
475 817 573 891 enim
590 831 725 915 potest,
748 817 833 919 quia
853 818 903 891 sic
924 835 1050 891 natura
1064 834 1309 918 comparatum

250 951 322 1023 est,
342 951 383 1007 ut
398 935 466 1008 hoc
483 937 671 1036 quisquam
691 936 863 1007 veraciter
881 935 999 1009 dicere
1017 952 1193 1037 nequeat,
1213 939 1311 1036 cujus

249 1054 417 1125 notitiam
428 1079 505 1126 non
518 1079 631 1152 perse
649 1053 784 1149 ipsum,
802 1053 861 1126 sed
877 1053 1031 1126 aliorum
1047 1052 1223 1128 relatione
1233 1052 1312 1127 fue·

251 1170 301 1241 rit
327 1182 514 1241 assecutus.
537 1169 627 1241 Tuae
653 1183 795 1241 tantum
820 1166 900 1243 fidei
923 1170 1133 1258 committo,
1157 1169 1311 1269 qualiter

251 1287 333 1360 inde
349 1312 489 1359 mecum
500 1300 644 1357 acturus
657 1286 724 1372 sis,
740 1302 930 1384 postquam
941 1311 1021 1359 meo
1037 1284 1153 1359 relatu
1164 1311 1310 1360 omnem

250 1403 301 1475 rei
318 1417 426 1500 gestae
447 1401 634 1474 veritatem
647 1401 871 1500 agnoveris.»

297 1523 358 1599 23.
386 1520 452 1591 Cui
478 1545 561 1591 essm
585 1545 643 1590 mc
665 1543 739 1593 non
761 1517 858 1590 aliud
881 1533 1066 1611 acturum,
1085 1544 1195 1619 quam
1212 1519 1310 1620 quod

250 1639 344 1709 iuter
369 1662 435 1709 nos
460 1636 689 1721 conveniret,
708 1632 808 1707 brevi
832 1658 997 1707 sermone
1021 1634 1305 1737 respondissem:

249 1786 268 1823 ιι
279 1751 485 1854 Presbyter,
495 1753 629 1852 inquit,
642 1750 714 1839 ille,
727 1752 791 1852 qui
804 1749 848 1823 ad
857 1749 1065 1825 deferendas
1074 1750 1167 1827 beati
1176 1751 1308 1826 Tibur·

248 1870 288 1941 tii
302 1868 471 1970 reliquias
488 1869 639 1941 Romam
654 1892 735 1940 meo
743 1870 845 1965 jussu
863 1865 1046 1964 profectus
1060 1883 1132 1959 est,
1149 1894 1235 1942 cum
1253 1868 1305 1957 id,

248 1982 513 2083 propterquod
531 1983 594 2057 illo
608 1997 765 2068 venerat,
788 1983 835 2052 ita
852 1998 893 2053 ut
911 1980 1052 2055 volebat
1064 1983 1238 2082 perlicere
1249 2009 1308 2057 ue·

247 2102 437 2202 quivisset,
453 2104 601 2198 jamque
617 2100 778 2173 notarius
798 2115 902 2187 tuus,
921 2101 1091 2200 acceptis,
1110 2100 1155 2175 de
1175 2100 1306 2203 quibus

247 2218 451 2319 loquimur,
479 2230 686 2288 sanctorum
719 2217 925 2315 Martyrum
950 2217 1131 2318 reliquiis,
1156 2217 1306 2292 domum

244 2333 362 2406 redire
374 2331 577 2418 statuisset,
597 2329 680 2402 iniit
696 2356 779 2402 cum
793 2331 856 2404 illo
876 2331 1085 2421 consilium,
1099 2347 1142 2405 ut
1152 2332 1216 2406 illo
1228 2335 1304 2407 llo-

245 2476 315 2522 mae
342 2447 528 2547 paululum
555 2473 673 2520 moras
701 2448 871 2532 faciente,
898 2450 994 2546 ipse,
1017 2475 1099 2523 eum
1124 2451 1305 2525 Lunisoue

245 2566 357 2639 fratre
370 2563 570 2638 Deusdonae
583 2579 620 2636 et
637 2589 720 2636 cum
738 2562 946 2637 homiuibus
962 2569 1057 2664 ejus,
1072 2566 1135 2666 qui
1153 2566 1236 2641 illos
1252 2592 1304 2640 sa·

243 2709 324 2756 eros
336 2682 473 2754 cineres
484 2680 578 2754 ferre
588 2679 779 2769 debebant,
792 2680 935 2779 Papiam
947 2707 1060 2783 usque
1071 2682 1302 2782 procederet,

244 2800 368 2901 ibique
395 2799 490 2871 illius
516 2825 556 2871 ac
579 2798 780 2873 Deusdonoe
805 2797 1074 2897 praestolaretur
1096 2797 1300 2875 adventum.

242 2918 380 2991 Placuit
396 2913 573 2989 ambobus
590 2916 652 2987 ista
671 2917 885 3002 conventio,
913 2915 1053 3016 illisque
1071 2916 1199 2991 Romae
1214 2916 1303 2991 sub-

240 3033 435 3119 stantibus,
464 3031 667 3134 presbyter,
698 3059 779 3105 cum
805 3034 987 3107 Lunisone
1013 3060 1054 3106 ac
1076 3036 1197 3135 pueris
1220 3036 1302 3110 reli·

240 3152 340 3252 quies
355 3147 557 3223 ferentibus
561 3207 574 3239 ,
590 3150 733 3248 Papiam
747 3149 1000 3249 proficiscitur.
1019 3148 1102 3243 Quo
1117 3176 1201 3225 cusu
1213 3167 1303 3227 esset

239 3281 476 3366 perventum,
491 3266 620 3339 scrinia
632 3268 896 3339 sacroscineres
907 3265 1131 3341 continentia
1143 3266 1181 3339 in
1194 3268 1302 3343 ecele-

239 3383 288 3455 sia
308 3398 364 3452 tua
380 3405 475 3478 pone
489 3382 599 3453 altare
615 3396 699 3453 sunt
712 3381 846 3480 posita,
862 3396 970 3482 atque
984 3378 1031 3451 ab
1043 3379 1301 3457 excubantibus

240 3501 277 3571 iu
289 3497 410 3573 eadem
419 3495 576 3584 basilica,
586 3498 769 3572 clericisac
777 3497 888 3586 laicis,
897 3496 1062 3598 diligenti
1073 3498 1300 3575 solertiacus·

237 3614 363 3689 todita.
379 3612 540 3707 Quadam
556 3640 642 3687 vero
656 3632 777 3702 nocte,
797 3632 930 3689 comet
948 3614 1022 3714 ipse
1041 3615 1138 3690 iuter
1153 3632 1299 3693 caetesos

235 3728 280 3803 ad
299 3729 438 3803 casdem
456 3728 623 3802 excubias
644 3732 680 3803 in
695 3730 839 3804 eeclesia
857 3729 1036 3829 vigilaret,
1065 3731 1240 3833 contigit,
1258 3751 1299 3806 ut

236 3849 309 3946 ipse
322 3847 459 3935 asserit,
476 3849 568 3919 circa
590 3849 743 3921 mediam
756 3847 832 3922 fere
847 3864 1004 3934 noctem,
1023 3863 1076 3935 ut,
1093 3847 1297 3950 obripiente

233 3962 403 4059 paulatim
425 3989 573 4051 somno,
599 3964 755 4035 universi
780 3964 842 4064 qui
863 3964 958 4034 intra
977 3961 1098 4036 eadem
1116 3961 1296 4038 basilicam

233 4077 397 4175 vigilandi
416 4081 526 4177 gratia
542 4095 802 4164 couvenerant,
817 4095 949 4177 praeter
960 4103 996 4150 se
1012 4078 1143 4167 solum,
1154 4077 1294 4154 obdor-
