3166 5280
252 451 312 510 216
479 449 662 509 tttstotttt
683 451 999 526 rtttttsttrtottts,
1021 472 1085 520 ιτα.

253 568 298 642 ab
320 571 441 642 amicis
465 572 537 642 suis
564 598 604 643 ac
627 572 840 672 propinquis
857 575 894 648 in
918 602 1020 650 carro
1041 575 1214 666 adducta,
1231 604 1302 651 cunt

249 689 350 783 juxta
367 684 540 759 feretrum
555 701 760 759 sanctorum
776 689 870 762 inter
883 705 1031 764 caeteros
1044 690 1197 791 vigilans
1209 706 1304 794 atque

253 827 358 873 orans
371 818 618 900 pernoctaret,
633 821 775 902 recepte
786 808 952 879 omnium
964 806 1218 883 membrorum
1227 812 1305 883 seni·

253 934 341 1004 tate,
357 918 514 1017 propriis
528 917 698 1017 pedibus,
712 921 814 995 nullo
825 938 1066 1013 sustentante,
1081 924 1138 1001 vel
1150 924 1304 1027 quotibet

251 1034 361 1108 modo
371 1033 667 1122 adminiculante,
685 1037 728 1109 ad
743 1037 863 1111 locum
876 1040 971 1113 unde
983 1058 1151 1133 venerat,
1168 1041 1207 1114 in
1220 1068 1305 1117 ctus·

255 1150 373 1222 tinum
388 1175 541 1250 regressa
560 1166 625 1223 est.

301 1388 360 1457 20.
389 1383 438 1456 At
456 1410 522 1458 nos
540 1384 740 1459 albescente
763 1388 859 1461 coelo
876 1403 1081 1487 surgentes,
1100 1390 1209 1463 sociis
1227 1416 1308 1465 nos·

133 1512 137 1519 '
252 1504 316 1575 tris
329 1502 557 1576 venientibus
572 1501 714 1574 obvium
730 1504 781 1577 ire
797 1505 1039 1602 perreximus3
1056 1504 1231 1581 habentes
1246 1532 1308 1581 uo-

249 1619 389 1692 biscum
408 1617 638 1692 immodicam
652 1621 856 1692 vicinorum
875 1636 1084 1697 nostrorum
1100 1622 1309 1697 multitudi-

251 1765 352 1824 nem,
380 1739 441 1839 qui
470 1738 560 1810 fama
595 1737 766 1812 adventus
793 1755 1000 1810 sanctorum
1028 1740 1154 1827 exciti,
1178 1740 1224 1813 ad
1245 1738 1310 1815 hoc

250 1856 370 1954 primo
380 1855 540 1928 diluculo
551 1880 619 1952 pro
629 1853 770 1927 foribus
780 1854 913 1926 nostris
926 1855 1185 1947 constiterunt,
1195 1872 1238 1930 ut
1244 1882 1310 1929 una

249 1971 439 2044 nobiscum
455 1969 584 2041 sanctis
600 1968 745 2042 obviam
757 1970 1008 2068 procederent.
1023 1970 1073 2042 Et
1087 1970 1310 2043 occurrimus

248 2089 298 2160 eis
313 2089 349 2159 in
363 2113 406 2160 eo
420 2086 519 2172 loco,
532 2084 593 2157 ubi
605 2083 797 2184 Gaspentia
812 2086 980 2161 fluviolus
993 2088 1113 2162 Maeno
1125 2088 1308 2163 miscetur.

248 2203 336 2275 lnde
348 2203 484 2301 pariter
500 2201 721 2288 incedentes,
740 2229 780 2275 ac
793 2201 932 2276 domini
951 2203 1065 2277 nostri
1077 2203 1162 2277 Jesu
1177 2202 1310 2277 Christi

249 2317 530 2391 misericordiam
543 2317 801 2408 collaudantes,
815 2346 928 2391 sacras
938 2319 1014 2391 illas
1025 2316 1311 2395 beatissimorum

249 2439 458 2536 Martyrum
466 2436 607 2508 exuvias
614 2435 656 2507 ad
663 2435 1312 2537 Mulinheimsuperiorem-sicenim

251 2553 427 2627 moderno
454 2570 617 2652 tempore
648 2553 747 2627 locus
776 2554 835 2627 itte
860 2569 1163 2629 vocatur-cum
1182 2580 1312 2657 magne

250 2673 415 2745 omnium
428 2672 489 2770 qui
503 2669 552 2743 ibi
561 2669 678 2745 adesse
688 2687 887 2769 potuerunt
900 2673 1024 2745 laetitia
1032 2689 1068 2747 et
1076 2673 1311 2765 exultatione,

249 2792 472 2866 detulimus:
496 2790 557 2862 sed
579 2817 653 2888 prae
678 2791 788 2863 nimia
807 2790 931 2890 populi
956 2789 1211 2880 multitudine,
1229 2818 1312 2893 quae

248 2908 453 3009 praecedens
467 2922 595 2980 cuncta
607 2907 861 3006 compleverat,
877 2933 992 3008 neque
1004 2906 1188 2981 ecclesiam
1199 2906 1311 2995 adire,

250 3052 368 3126 neque
388 3023 564 3098 feretrum
590 3025 626 3098 in
645 3051 721 3097 eam
744 3023 876 3097 inferre
894 3024 1095 3095 valuimus:
1119 3022 1256 3098 idcirco
1274 3024 1313 3097 in

253 3168 377 3240 campo
393 3140 595 3238 adjacente,
616 3157 721 3240 atque
747 3141 782 3211 in
812 3139 893 3213 loeo
916 3139 1089 3229 editiore,
1111 3141 1223 3213 altare
1244 3138 1313 3213 sub

251 3260 335 3332 divo
360 3258 552 3344 ereximus3
572 3284 612 3328 ac
631 3256 765 3330 feretro
781 3284 877 3356 pone
892 3256 1002 3331 altare
1018 3256 1203 3357 deposito,
1222 3257 1312 3329 mis-

251 3402 371 3448 sarum
383 3376 554 3449 solemnia
563 3374 831 3448 celebravimus.
841 3373 980 3468 Quibus
993 3375 1154 3474 expletis,
1165 3402 1207 3448 ac
1218 3375 1313 3448 mul·

253 3494 407 3567 titudine
423 3493 540 3566 adsue
557 3493 761 3577 recedente,
778 3495 816 3565 in
828 3493 1010 3568 ecelesiam
1022 3519 1041 3565 a
1052 3492 1166 3567 beatis
1177 3492 1314 3595 Marty-

252 3612 352 3684 ribus
365 3614 520 3711 jussam,
539 3636 664 3682 eorum
680 3611 910 3682 sacratissima
928 3636 1079 3708 corpore
1100 3608 1310 3695 intulimus3

253 3757 305 3819 ac,
327 3728 460 3801 feretro
473 3743 623 3826 propter
639 3727 750 3799 attare
767 3727 905 3812 locato,
920 3728 1052 3799 iterum
1063 3726 1207 3797 missam
1218 3722 1313 3799 cele-

254 3848 357 3919 brare
387 3846 601 3917 curarimus.
636 3842 763 3942 lbique
790 3843 884 3916 inter
921 3840 1196 3925 celebrandum,
1221 3866 1313 3942 puer

252 3966 395 4063 quidam
404 4019 413 4051 ,
428 3988 607 4035 annorum
622 3960 765 4033 circiter
779 3960 999 4059 quindecim,
1009 3958 1158 4033 nomine
1169 3956 1309 4043 Daniel,

252 4082 295 4153 de
313 4108 403 4181 pago
421 4081 609 4166 Pontianu,
630 4079 693 4179 qui
717 4077 801 4148 illuc
817 4078 910 4151 inter
927 4077 1014 4150 alios
1028 4100 1200 4174 pauperes
1213 4098 1312 4149 men·

252 4198 403 4270 dimndo
423 4214 587 4287 venerut,
608 4210 715 4296 atquc
732 4195 778 4266 ita
798 4221 927 4266 cintus
943 4207 1019 4266 erut
1030 4245 1041 4280 ,
1063 4206 1103 4263 nt
1124 4192 1191 4263 nisi
1211 4189 1311 4289 supi-
