3090 5302
232 418 294 479 316
454 416 638 477 HISTORIA
659 416 978 489 Tntnststtottls,
1000 436 1063 482 tte.

232 552 338 625 runt,
358 538 626 637 integerrimam
638 539 805 612 omnium
823 537 1075 613 membrorum
1087 538 1292 629 sanitatem,

233 655 269 725 in
289 654 394 725 unius
412 652 512 727 horae
528 670 714 728 momento
723 709 736 744 ,
752 656 912 729 Domino
929 656 1134 752 opitulante
1146 659 1293 757 recepit.

232 772 343 843 Erant
361 769 411 841 ibi
431 771 527 845 inter
538 786 687 846 caeteros
703 787 919 872 spectatores
934 790 972 847 et
986 773 1124 861 Judaei3
1139 800 1295 875 quorum

232 913 325 958 unus
337 886 450 959 David
466 890 632 976 nomine,
651 903 733 988 post
751 887 854 988 hujus
870 891 962 991 signi
976 889 1239 990 expletionem,
1252 894 1297 966 ad

231 1001 425 1075 fenestram
441 1001 619 1093 cubiculi,
645 1005 774 1105 inquo
795 1033 863 1106 ego
887 1022 976 1079 tunc
997 1032 1117 1096 mam,
1135 1007 1297 1083 celeriter

231 1146 440 1213 accurrens,
459 1148 588 1222 meque
606 1123 844 1223 compellans,
860 1122 1076 1197 miraculum
1089 1122 1191 1227 quod
1203 1124 1297 1199 vide·

233 1253 290 1310 rat
314 1238 505 1328 indicavit,
531 1241 662 1340 gratias
685 1267 791 1341 agens
819 1244 918 1330 Deo,
937 1242 1001 1342 qui
1030 1266 1097 1341 per
1123 1242 1297 1343 Martyres

234 1381 316 1429 suos
343 1370 440 1428 tauta
471 1356 640 1430 miracula
670 1356 714 1429 ad
741 1357 891 1431 salutem
918 1356 1129 1433 mortalium
1155 1360 1294 1458 opeturi

233 1470 398 1571 dignatus
418 1487 482 1545 est.

283 2064 344 2134 tt.
372 2063 461 2136 Erat
486 2064 522 2134 in
548 2062 673 2137 eodem
697 2063 777 2137 rico
806 2088 920 2134 caecus
943 2060 1087 2163 quidam
1116 2074 1295 2159 provecte

236 2180 367 2266 aetatis,
387 2181 449 2281 qui
465 2234 476 2271 ,
494 2196 537 2252 ut
553 2182 627 2279 ipse
643 2178 840 2267 asserebat,
864 2195 947 2253 ante
966 2178 1166 2253 triennium
1180 2174 1294 2249 subita

235 2297 394 2370 caecitate
411 2322 615 2395 percussus,
636 2297 732 2371 inter
748 2295 836 2370 alios
852 2322 1024 2396 pauperes
1039 2295 1171 2395 stipem
1187 2294 1298 2368 ostia·

236 2414 304 2485 tim
320 2416 522 2490 mendicare
542 2413 693 2489 solebat.
715 2417 748 2487 ls
766 2440 848 2487 cum
866 2415 904 2487 in
923 2412 1107 2515 tuguriolo
1123 2438 1192 2487 suo
1205 2410 1297 2487 dor-

235 2534 363 2620 miret,
385 2532 477 2607 vidit
499 2560 565 2633 per
584 2559 752 2633 soporem
771 2532 962 2633 quemdam
984 2530 1053 2605 sibi
1073 2532 1296 2605 assistentem

233 2666 341 2750 atque
352 2651 530 2725 dicentem
545 2667 586 2724 ut
595 2706 607 2744 ,
624 2653 653 2724 si
670 2651 791 2725 videre
804 2649 928 2740 vellet,
942 2647 1203 2723 adoratorium
1216 2672 1297 2723 nov

236 2782 334 2841 trum
352 2768 443 2858 iret,
469 2766 518 2840 ibi
544 2795 617 2842 esse
637 2767 840 2854 medicum,
865 2766 928 2867 qui
952 2765 984 2840 ei
1006 2764 1150 2866 ingemi
1173 2762 1296 2837 lumen

233 2885 381 2960 reddere
398 2886 587 2986 potuisset.
605 2886 741 2959 Renuit
757 2885 835 2972 ille,
853 2898 890 2957 et
906 2882 1028 2956 lumen
1044 2880 1144 2983 quod
1160 2878 1298 2955 ollem-

235 3001 343 3075 batur
357 3001 584 3076 abominatus
598 3034 606 3074 :
620 3001 767 3095 «Quid,
783 3001 852 3090 ait,
873 2998 962 3073 milti
981 3024 1081 3072 nunc
1097 3024 1182 3072 cum
1200 2998 1296 3087 visu,

233 3146 342 3221 quem
347 3124 421 3219 jam
433 3119 520 3194 olim
531 3117 697 3220 perdidi?
710 3119 839 3193 Melius
852 3117 1292 3205 mihiest,sieocarue1u,

234 3264 342 3338 quam
366 3238 393 3308 si
420 3235 593 3310 habuero.
617 3236 729 3312 Modo
752 3235 1016 3311 mendicantem
1040 3260 1167 3309 omnes
1190 3260 1298 3309 exuu-

235 3353 361 3439 diunt,
382 3369 418 3426 et
435 3380 474 3427 ea
491 3380 573 3454 quae
593 3353 784 3427 necessaria
802 3367 907 3439 sunt,
926 3366 1124 3452 prestant:
1140 3376 1227 3424 nam
1240 3349 1298 3423 vi·

235 3473 381 3545 dentem
398 3473 601 3545 mendicare
619 3498 694 3547 non
712 3470 837 3557 decet,
856 3495 963 3543 senex
979 3484 1101 3543 autem
1118 3484 1157 3543 et
1172 3465 1300 3541 debilis

235 3591 375 3691 operari
385 3616 460 3664 non
473 3616 631 3689 possum.
644 3623 661 3658 n
674 3592 824 3661 -Tum
837 3588 966 3689 illequi
978 3612 1059 3659 curu
1069 3610 1114 3661 eo
1128 3580 1297 3687 loqueba-

238 3726 322 3782 tur:
344 3708 482 3799 «Vade,
502 3709 636 3810 inquit,
656 3724 691 3781 et
708 3707 783 3781 noli
800 3706 955 3792 morari;
971 3731 1068 3792 nam,
1084 3703 1173 3778 velis
1189 3701 1297 3793 nolis,

239 3830 351 3901 visum
366 3844 576 3927 recepturus
589 3854 637 3901 es.
653 3858 671 3896 n
686 3827 811 3899 Paruit
824 3824 884 3898 ille
897 3821 1111 3922 imperanti,
1124 3820 1300 3921 perrexit·

238 3971 309 4045 que
331 3945 374 4017 ad
397 3946 622 4036 oratorium,
643 3960 750 4044 atque
772 3944 808 4015 in
826 3967 870 4015 eo
891 3936 1141 4040 pernoctavit3
1164 3952 1204 4013 et
1218 3960 1300 4011 cun

241 4063 298 4135 illa
316 4080 423 4138 nocte
441 4062 534 4137 nihil
552 4079 643 4137 esset
664 4063 819 4148 factum,
843 4060 888 4133 ud
909 4057 1096 4160 tugurium
1114 4080 1222 4130 suum
1241 4078 1302 4129 tu·

230 4205 351 4253 rersns
376 4196 441 4255 cst.
461 4181 526 4254 Cui
543 4181 663 4254 denuo
680 4179 708 4253 is
723 4177 786 4278 qui
803 4176 903 4276 prins
925 4200 991 4276 per
1009 4196 1177 4273 nopotem
1192 4192 1299 4271 epp·-
