3166 5280
259 376 319 437 aaa
478 376 659 435 nrsronn
681 374 996 451 raanstarrouts,
1017 396 1079 441 nc„

257 526 297 569 ac
311 496 467 570 Domino
479 496 622 572 Christo
640 497 777 571 landem
790 497 990 571 dicentibus
1006 498 1224 598 populorum
1234 512 1296 569 tur·

257 612 333 701 bis,
356 611 400 683 ab
424 613 578 713 Aquensi
606 614 736 712 palatio
764 640 872 713 usque
895 613 938 687 ad
961 629 1200 688 memoratum
1222 613 1297 685 Mn-

258 728 403 801 linheim
430 730 567 817 vicum,
592 730 749 803 Domino
775 733 843 803 iter
866 746 1030 804 nostrum
1050 746 1295 830 prosperante,

255 848 493 945 pervenimus.
528 847 647 947 Atque
680 846 729 919 ibi
754 847 830 918 illas
863 848 1028 948 reliquias
1054 874 1162 946 super
1186 846 1297 931 altari,

255 987 349 1060 pone
362 960 461 1060 quod
478 961 613 1035 loculus
627 987 742 1035 sacros
756 962 957 1063 Martyrum
970 964 1105 1035 cineres
1117 961 1300 1037 continent

254 1081 391 1177 positus
408 1095 503 1166 erat,
521 1097 692 1179 gemmata
705 1106 805 1177 capsa
818 1080 1018 1153 reconditas
1031 1080 1299 1165 collocavimus;

255 1194 474 1294 fueruntque
492 1193 540 1266 ibi
558 1196 772 1294 sicpositae,
788 1196 998 1295 usquedum
1017 1222 1083 1269 nos
1101 1222 1226 1269 mense
1239 1220 1303 1271 no-

255 1312 419 1385 vembrio
437 1311 479 1384 ad
504 1314 674 1411 palatium
694 1315 744 1386 ire
765 1328 947 1412 parantes,
969 1340 1033 1411 per
1053 1312 1304 1386 revelationem

254 1427 427 1501 admoniti
440 1454 579 1514 sumus,
596 1455 641 1502 ne
654 1428 804 1528 priusde
819 1428 881 1501 illo
893 1429 974 1502 loco
985 1426 1303 1527 proficisceremur,

254 1572 361 1645 quam
378 1572 433 1617 cas
447 1546 605 1642 corpori,
623 1545 753 1645 dequo
771 1560 922 1644 sumptae
935 1560 1057 1633 erant,
1075 1548 1306 1643 conjungere·

254 1690 345 1733 mus.
378 1662 538 1755 Qualiter
562 1678 681 1735 autem
702 1662 894 1735 revelatum
917 1660 1046 1748 suerit,
1065 1675 1108 1732 ut
1134 1660 1205 1735 hoc
1230 1658 1302 1735 fleri

253 1777 415 1864 deberet,
430 1805 504 1851 non
523 1793 575 1851 est
588 1778 732 1852 silentio
751 1778 1006 1851 transeundum
1022 1806 1034 1865 ;
1053 1777 1137 1877 quia
1156 1802 1232 1851 non
1248 1802 1305 1849 so-

252 1894 329 1965 lum
345 1894 505 1979 somnio,
529 1910 568 1965 ut
595 1893 671 1967 fieri
691 1895 802 1980 solet,
825 1894 884 1967 sed
901 1894 1007 1967 etiam
1023 1893 1132 1992 signis
1157 1892 1303 1995 quibus-

253 2009 380 2080 damac
391 2009 603 2098 terroribus,
615 2010 656 2081 ad
667 2011 887 2111 vigilantium
896 2036 1016 2083 curam
1025 2006 1302 2109 pertinentibus,

255 2142 436 2199 ostensum
461 2143 534 2213 est,
569 2125 689 2200 beatos
716 2128 891 2229 Martyres
914 2126 1129 2201 omnimodis
1154 2126 1304 2201 voluisse

255 2259 295 2314 ut
313 2245 350 2315 in
366 2247 431 2317 hac
444 2272 482 2319 re
490 2245 602 2343 jussio
618 2246 762 2320 illorum
779 2247 903 2321 fuisset
916 2243 1117 2344 adimpleta.

300 2850 359 2919 32.
387 2844 476 2916 Erat
492 2870 584 2916 unus
600 2846 643 2917 de
659 2844 814 2930 clericis,
833 2845 895 2943 qui
913 2842 956 2915 ad
971 2840 1134 2915 excubias
1151 2841 1308 2915 basilica·

250 2964 407 3062 deputati
421 2962 586 3048 fuerunt,
607 2962 755 3035 nomine
769 2958 1014 3059 Landolphus,
1033 2960 1089 3032 cui
1109 2974 1197 3031 tunc
1212 2960 1305 3059 signi

252 3076 417 3178 tangendi
434 3103 516 3148 cura
534 3078 718 3148 commissa
732 3076 865 3165 suerat,
885 3072 1017 3147 habens
1032 3088 1185 3146 stratum
1200 3098 1307 3145 suum

246 3197 346 3289 juxta
363 3193 549 3265 australem
563 3191 717 3264 basilicae
725 3196 883 3290 januam.
904 3191 972 3284 Qui
993 3218 1088 3277 cum,
1106 3190 1306 3265 secundum

251 3311 543 3385 consuetudinem
554 3310 723 3381 nocturni
734 3335 774 3380 ac
784 3309 1002 3381 matutinalis
1013 3306 1305 3395 officii,solemni

251 3454 351 3500 more
383 3442 560 3525 surgeret,
600 3427 810 3526 signumque
843 3440 1022 3511 moveret,
1051 3424 1308 3525 completoque

249 3558 331 3616 ante
363 3542 479 3616 lucem
503 3542 627 3616 eodem
656 3542 794 3628 officio,
822 3568 965 3614 rursum
988 3541 1146 3615 dormire
1175 3540 1305 3633 vellet,

249 3661 372 3734 clausis
389 3661 543 3735 ecclesiae
565 3658 725 3751 loribus,
744 3686 863 3732 coram
883 3661 1012 3732 sanctis
1028 3659 1233 3758 Martyrum
1249 3658 1308 3731 oi-

248 3776 393 3851 neribus
407 3777 627 3877 supplicandi
645 3778 756 3877 gratia
774 3804 810 3850 se
827 3778 1033 3875 prostravit.
1050 3774 1102 3848 lbi
1117 3801 1202 3847 cum
1214 3774 1309 3875 psal·

248 3923 346 3968 mum
360 3895 713 3997 quinquagesimum,
731 3910 772 3967 ut
783 3902 855 3994 ipsc
870 3895 1003 3977 asserit,
1029 3893 1147 3967 dicere
1160 3892 1308 3993 incipe-

248 4027 322 4097 ret,
334 4010 468 4083 audirit
476 4013 573 4107 juxta
586 4036 622 4082 se
634 4011 670 4082 in
684 4012 886 4107 parimento
894 4009 991 4081 velut
999 4008 1158 4079 sonitum
1169 4006 1308 4107 pedum

249 4122 1309 4227 hominis,hucatqueilluribidemdeambulantisconster·
