3090 5302
247 403 305 463 208
476 397 657 459 HISTORIA
680 398 995 472 ttttttststtouts,
1019 421 1080 463 nc.

247 518 342 591 abaci
362 518 416 590 rel
434 518 531 616 signa
554 544 771 603 marmorea,
792 519 908 617 pluvia
931 520 1104 607 instante,
1124 520 1252 594 sudare
1266 547 1304 593 ae

247 634 493 708 circumfluere
515 636 651 720 solent3
669 636 720 707 sic
738 635 874 707 loculus
896 634 974 724 ille,
995 637 1056 737 qui
1074 638 1303 711 sacratissima

246 776 397 851 corpora
415 748 646 843 continebat,
665 778 752 824 vero
773 777 901 825 cruore
917 752 1081 842 madens,
1097 770 1134 827 et
1146 780 1192 827 ex
1204 757 1303 830 omni

245 885 345 970 parte
369 869 532 968 perfusus
559 871 724 943 inventus
747 885 812 942 est.
838 872 985 946 Terruit
1008 898 1074 947 nos
1102 872 1246 946 insolita
1269 888 1303 947 et

244 1014 430 1089 nunquam
455 988 554 1086 prius
572 987 689 1059 audita
713 988 875 1060 miraculi
894 990 1037 1088 species.
1059 988 1303 1091 Quapropter,

246 1105 338 1176 inito
362 1102 534 1187 consilio,
555 1101 762 1174 triduanum
774 1103 954 1202 jejunium
977 1130 1059 1177 cum
1076 1105 1305 1205 supplicatio·

244 1220 350 1294 nibus
365 1220 478 1294 facere
489 1218 732 1311 decrevimus,
749 1236 789 1291 ut
800 1246 842 1293 ex
856 1221 1071 1296 revelatione
1081 1220 1204 1295 divina
1217 1222 1305 1295 seire

243 1361 478 1423 mereremur,
499 1333 586 1437 quid
606 1334 674 1408 sibi
698 1334 827 1424 vellet,
850 1335 981 1436 quidve
996 1334 1204 1410 laciendum
1226 1362 1305 1409 mo-

244 1469 347 1526 neret
369 1478 539 1550 maguum
566 1450 712 1524 illudet
738 1450 917 1525 ineffabile
939 1453 1157 1552 prodigium.
1182 1454 1303 1554 ltaque

243 1583 389 1667 peracto
401 1567 463 1640 illo
475 1566 643 1638 triduano
648 1568 801 1665 jejunio,
815 1566 1300 1667 cumjamadvoeperasceret,

243 1686 375 1758 humor
389 1685 448 1758 ille
466 1685 603 1757 cruoris
621 1682 791 1757 horrendi
805 1681 925 1757 subito
943 1684 1302 1783 coepitaresce1e5ac

242 1804 375 1874 mirum
391 1803 428 1875 in
441 1802 602 1889 modum,
615 1802 679 1901 qui
693 1829 758 1900 per
767 1803 960 1876 continuos
970 1818 1106 1901 septem
1116 1801 1192 1874 dies
1203 1827 1302 1875 more

243 1920 409 2019 perennis
421 1945 524 2019 aquae
540 1919 617 1991 sine
632 1919 897 1991 intermissione
911 1916 1122 2007 distillabat,
1140 1919 1192 1990 sic
1210 1919 1300 1991 iutra

242 2037 467 2134 paucissimas
478 2034 582 2110 horas
594 2036 785 2108 exsiccatus
795 2052 860 2124 est,
872 2050 961 2110 uteo
969 2035 1301 2133 noctistempore-

244 2181 325 2226 nam
343 2154 531 2227 Dominica
545 2170 675 2225 erat—
685 2179 759 2254 quo
771 2155 874 2253 signo
886 2151 971 2228 dato
988 2153 1031 2225 ad
1047 2152 1300 2227 antelucanum

241 2272 396 2344 officium
424 2268 677 2344 celebrandum
700 2271 880 2343 ecclesiam
904 2271 1136 2362 intravimus,
1159 2269 1300 2344 nullum

235 2392 308 2484 jam
329 2387 363 2459 in
383 2386 502 2459 loculo
520 2386 709 2485 vestigium
729 2385 824 2458 illius
845 2404 964 2487 posset
986 2387 1156 2460 inveniri.
1174 2387 1298 2460 Lintes

239 2530 438 2606 ve1·0,quae
451 2505 543 2576 eirca
557 2503 715 2578 loculum
729 2503 946 2603 pendebant,
959 2522 1000 2576 ut
1012 2504 1139 2577 eodem
1151 2502 1298 2577 fuerunt

240 2622 390 2694 humore
407 2647 582 2720 respersa,
610 2622 657 2692 ita
678 2638 719 2693 ut
741 2637 843 2694 erant
861 2620 1061 2720 sanguineis
1079 2619 1229 2693 maculis
1244 2621 1296 2693 in·

237 2739 348 2826 secta,
380 2764 519 2813 servare
534 2739 621 2838 jussi
644 2772 651 2811 :
680 2741 715 2810 in
734 2737 865 2839 quibus
882 2736 997 2810 adhuc
1011 2762 1183 2837 magnum
1206 2736 1296 2810 illius

239 2855 386 2928 inauditi
402 2856 562 2955 portenti
574 2870 676 2954 paret
691 2854 876 2928 indicium.
892 2855 1148 2928 Constatenim
1163 2852 1292 2927 humo-

236 2998 312 3044 rem
326 2970 428 3042 illnm
441 2972 576 3068 saporis
593 2971 701 3044 luisse
715 2969 881 3059 subsalsi,
896 2969 939 3044 ad
955 2970 1197 3072 lacrymarum
1206 2968 1292 3041 vide·

237 3086 319 3158 licet
335 3085 563 3184 qualitatem,
578 3104 614 3158 et
625 3088 834 3160 tenuitatem
849 3086 995 3190 quidem
1005 3112 1125 3187 aquoe,
1137 3083 1291 3160 colorem

234 3217 351 3273 autem
377 3202 449 3273 veri
468 3204 649 3300 sanguinis
664 3202 837 3277 habuisse.

282 3773 341 3842 tt.
359 3765 491 3839 Eadem
506 3777 611 3837 nocte
627 3764 768 3835 cuidam
784 3791 826 3838 ex
842 3765 960 3864 pueris
977 3766 1128 3852 nosuis,
1145 3764 1287 3839 nomine

232 3882 463 3970 Ruodlando,
483 3908 547 3982 per
569 3882 727 3983 quietem
743 3882 817 3955 duo
830 3886 978 3981 juvenes
995 3883 1059 3954 visi
1080 3896 1167 3955 sunt
1182 3879 1286 3955 adsti-

235 4007 332 4097 tisse,
356 4004 418 4104 qui
448 4002 500 4092 ei,
527 4015 569 4071 ut
594 3999 666 4099 ipse
693 4014 838 4071 testatus
865 4015 937 4088 est,
964 3998 1008 4071 de
1036 3994 1284 4072 transferendis

231 4122 444 4194 Sanctorum
458 4115 671 4217 corporibus
693 4116 804 4188 multa
822 4116 910 4188 mihi
930 4116 1079 4191 dicenda
1099 4118 1284 4189 mandate·
