3090 5302
579 388 776 450 APPENDIX
798 387 960 449 atreus.
1241 387 1296 448 161

234 534 316 577 onus
351 510 600 576 domesticarum
632 509 880 598 divinarumque
915 530 1049 584 rerum,
1089 505 1179 596 quod
1214 506 1302 573 illius

234 626 454 694 memorabilis
475 625 604 692 semime
622 625 689 690 fida
713 626 847 691 societas
867 622 936 690 leve
962 623 1099 704 fecerat,
1129 624 1241 690 vestris
1261 648 1301 691 ex

234 761 301 812 toto
316 747 504 836 impositum
520 768 557 810 ac
571 742 718 810 relictum
731 742 912 808 cervicibus
925 741 1035 809 obruit
1050 769 1057 807 :
1071 764 1182 807 revera
1193 739 1302 807 valida

235 876 372 951 utraque
386 885 449 943 res,
463 875 494 927 et
509 884 597 951 quae,
612 874 726 950 praeter
738 861 933 949 sapientem,
949 859 1007 948 qui
1023 857 1156 924 adversa
1171 881 1303 949 quoque

233 976 362 1043 modice
385 976 470 1043 serre
497 975 669 1056 didicerit,
695 974 791 1041 facile
812 974 989 1065 quemlibet
1014 999 1071 1042 sua
1095 975 1181 1042 mole
1201 957 1304 1067 'possit

234 1093 431 1183 opprimere.
453 1093 500 1158 Ac
517 1092 622 1182 primo
639 1090 772 1180 quidem
790 1115 887 1180 quam
906 1094 1059 1182 proposui
1076 1095 1196 1183 pariter
1209 1118 1306 1161 cona-

233 1207 372 1274 bornen
386 1208 571 1275 subvertere
579 1232 616 1273 ac
627 1208 754 1297 penitus
762 1205 1042 1297 auserre,-—quod
1049 1231 1181 1298 prorsus
1190 1209 1306 1299 impos-

234 1324 328 1391 sibile
356 1323 508 1416 perfectis
533 1325 631 1390 etiam
657 1322 859 1404 oratoribus,
886 1325 912 1388 si
934 1338 1058 1403 essent,
1082 1323 1177 1391 video
1200 1324 1306 1390 multo

234 1443 340 1530 magis
357 1438 555 1508 mihi—sed
571 1455 716 1520 tenuare,
728 1438 988 1529 imbecillemque
1008 1441 1155 1530 inspectu
1172 1440 1306 1506 rationis

235 1559 375 1626 efficere.
393 1558 488 1624 Certe
506 1557 583 1622 hinc
600 1557 795 1636 movemini,
814 1570 899 1621 certe
914 1556 992 1622 hinc
1010 1557 1193 1637 afficimini,
1213 1556 1305 1648 quod

235 1698 293 1740 vos
312 1698 402 1740 cassa
421 1689 494 1740 vota
510 1671 663 1739 frustrata
680 1674 762 1752 sint,
780 1696 817 1738 ac
836 1696 906 1763 spes
926 1674 959 1738 in
973 1673 1188 1761 Martyribus‚
1202 1676 1303 1742 immo

235 1792 268 1856 in
280 1790 353 1856 Deo
367 1791 439 1873 sita,
449 1789 585 1855 illuserit
596 1817 604 1875 3
616 1789 709 1878 quasi
722 1811 797 1854 vero
810 1786 843 1854 id
856 1787 947 1854 vobis
957 1788 1154 1854 omnimodis
1166 1806 1302 1873 constet,

234 1903 327 1994 quod
347 1919 514 1994 tantopere
533 1905 855 1994 poposcistis,vestrae
876 1905 1048 1993 uxorisque
1067 1904 1162 1971 saluti
1179 1907 1306 1974 condu-

235 2043 322 2085 cere.
341 2019 443 2110 Quod
461 2043 536 2085 sane
549 2021 574 2085 si
591 2019 682 2086 vobis
699 2020 773 2086 satis
794 2018 996 2109 exploratum
1018 2019 1149 2104 suisset,
1171 2024 1305 2090 acrioris

232 2137 379 2226 justique
393 2132 516 2203 doloris
533 2139 648 2226 ingens
664 2161 730 2204 esse
747 2135 916 2203 videbatur
928 2136 1052 2219 lomes,
1070 2137 1148 2205 dum
1163 2164 1220 2207 vos
1238 2165 1306 2208 non

233 2254 330 2342 quasi
346 2253 452 2320 filium
475 2256 670 2346 corriperet,
696 2255 750 2320 sed
770 2254 869 2321 veluti
893 2256 927 2320 in
952 2254 1172 2322 adversarium
1195 2257 1306 2326 divina

235 2394 376 2435 censura
399 2370 589 2436 desevisset.
610 2372 759 2438 Attamen
779 2372 824 2437 sic
843 2395 972 2460 quoquc
989 2396 1054 2436 non
1075 2370 1307 2462 desperationis
1369 2458 1372 2473 ,

235 2486 428 2552 barathrum
442 2486 665 2571 subeundum,
683 2486 738 2552 sed
754 2485 905 2552 divinitas
922 2486 1046 2551 insensa
1059 2487 1209 2576 precibds
1225 2492 1305 2557 assi-

234 2605 326 2686 duis,
343 2630 381 2671 ae
399 2608 568 2671 summissa
586 2604 693 2670 suerat
715 2601 872 2669 flectenda
889 2604 1054 2692 patientia.
1080 2605 1176 2670 Nunc
1195 2621 1305 2674 autem

235 2746 310 2790 cum
327 2723 416 2787 Deus
434 2745 546 2786 omnes
562 2720 711 2785 homines
729 2717 833 2783 salvos
855 2717 932 2785 velit
949 2717 1037 2797 lieri,
1062 2742 1099 2784 ac
1117 2722 1150 2784 in
1173 2724 1305 2789 nomine

234 2843 349 2931 ipsius,
363 2840 420 2928 qui
433 2836 581 2904 Salvator
593 2835 724 2914 dicitur,
738 2859 834 2900 nemo
848 2834 1004 2925 postulet,
1021 2836 1083 2900 nisi
1094 2838 1152 2926 qui
1167 2841 1305 2930 proprie

236 2954 335 3021 saluti
359 2952 507 3043 proficua
533 2952 702 3040 flagitarit,
723 2976 862 3040 cumque
890 2976 947 3017 vos
974 2953 1008 3017 in
1032 2955 1163 3020 nomine
1191 2956 1304 3023 Salva-

235 3072 314 3136 toris
332 3067 429 3160 plena
445 3067 507 3133 fide
523 3068 697 3158 petieritis,
715 3068 788 3157 quis
802 3092 866 3132 non
886 3069 1038 3158 opinetur
1055 3094 1120 3136 non
1138 3073 1305 3140 exauditos

235 3185 371 3277 quidem
387 3207 445 3249 vos
464 3182 505 3248 ad
524 3182 700 3273 temporale
717 3198 850 3263 votum,
868 3183 1035 3251 exauditos
1052 3202 1159 3253 autem
1175 3188 1216 3255 ad
1233 3215 1306 3282 per-

236 3319 368 3392 petuam
397 3299 560 3366 salutem?
590 3301 659 3389 Ego
688 3299 783 3390 plane
816 3299 998 3367 firmissime
1029 3303 1245 3390 crediderim,
1274 3327 1306 3377 et

237 3417 351 3498 vobiS,
377 3432 410 3482 et
424 3417 537 3494 uxori,
553 3418 624 3504 ejus
646 3416 742 3481 etiam
762 3418 935 3484 immaturo
953 3444 1082 3487 excessu
1107 3425 1304 3493 consultum.

239 3533 395 3625 Quaeritis
414 3531 715 3621 quemadmodum?
733 3534 856 3624 Nempe
881 3535 971 3623 quod
989 3539 1146 3630 conjuges
1162 3567 1200 3609 ex
1222 3544 1307 3611 duo·

239 3649 294 3716 bus
311 3647 507 3740 corporibus
526 3651 560 3714 in
580 3673 678 3715 unam
701 3650 822 3716 redacti
845 3675 1053 3742 compagem,
1073 3655 1148 3724 licet
1170 3684 1308 3728 concor-

241 3765 367 3833 dissime
380 3766 539 3844 vixerint,
559 3789 625 3830 non
644 3789 709 3831 una
726 3765 790 3831 leto
808 3766 1031 3856 resolvuntur,
1048 3789 1079 3838 et
1094 3790 1251 3863 quantum
1265 3777 1307 3844 ad

242 3885 392 3951 usitatum
411 3897 534 3948 naturae
554 3884 693 3973 pertinet
709 3883 875 3965 ordinem,
890 3911 1018 3953 necesse
1034 3906 1081 3956 est
1101 3915 1203 3958 unum
1214 3893 1308 3962 alteri

243 4025 415 4093 superesse.
444 4003 529 4067 Hinc
553 4001 622 4090 jam
647 4016 751 4067 vestra
777 4001 949 4092 prudentia
974 4006 1151 4097 intelligit,
1175 4013 1307 4101 quando

247 4122 402 4187 sententia
416 4120 450 4183 in
469 4118 635 4184 hominem
648 4117 803 4186 divinitus
819 4122 948 4187 emissa:
968 4125 1093 4189 «Terra
1105 4149 1139 4191 es
1151 4141 1182 4192 et
1195 4129 1227 4194 in
1242 4143 1308 4198 ter-

383 4259 424 4305 11.
1118 4267 1154 4313 11
