3166 5280
251 471 308 531 138
570 466 762 527 ElNllAlllll
785 466 987 529 EPISTOLAE.

249 589 288 659 in
312 599 486 684 potestate
511 583 651 675 habuit,
680 612 797 687 neque
822 587 1014 685 praescivit.
1043 586 1167 660 Metiri
1192 602 1299 662 tamen

249 728 352 802 posse
367 699 509 774 videtur
525 701 661 777 doloris
676 729 717 774 ao
733 705 903 778 moeroris
915 702 1128 804 magnitudo
1145 705 1221 779 site
1235 705 1302 777 diu·

251 819 404 891 turnitas
416 818 461 892 de
473 844 613 908 eorum,
630 845 713 920 quoe
729 820 950 908 acciderunt,
969 821 1189 895 damnorum
1202 848 1303 923 quan·

249 935 374 1010 titate:
394 961 568 1039 queego
594 962 676 1009 cum
700 939 864 1037 quotidie
890 939 929 1012 in
955 939 1059 1013 omni
1085 939 1248 1026 actione,
1272 939 1303 1011 in

248 1054 350 1126 omni
374 1055 543 1157 negotio,
566 1057 604 1128 in
620 1071 696 1130 tots
714 1055 841 1130 domus
857 1082 898 1128 ae
915 1056 1063 1130 familiae
1082 1055 1307 1129 administra·

250 1169 373 1261 tione,
390 1169 429 1241 in
447 1171 604 1260 cunctis,
622 1197 706 1273 quae
722 1171 779 1244 vel
792 1171 833 1244 ad
853 1171 1019 1245 divinum
1039 1171 1095 1245 vel
1116 1171 1308 1244 humanum

249 1284 408 1357 officium
436 1286 648 1384 pertinent,
676 1285 909 1386 disponendis
938 1303 1045 1388 atque
1077 1284 1308 1371 ordinandis,

253 1400 460 1473 immaniter
475 1401 646 1489 sentiam
666 1403 729 1504 qni
748 1401 824 1476 fieri
841 1418 980 1501 potest,
995 1419 1037 1475 ut
1051 1401 1203 1489 vulnus,
1218 1398 1311 1502 quod

253 1533 309 1591 tot
321 1544 362 1590 ac
378 1533 476 1591 tanta
490 1519 718 1593 incommoda
732 1520 875 1607 intulit,
895 1546 978 1593 cum
995 1518 1125 1595 orebm
1138 1518 1309 1618 tangitur,

253 1660 330 1708 non
346 1633 572 1709 recrudescat
594 1637 716 1736 potius
738 1652 776 1711 et
797 1651 1007 1724 renovetur,
1025 1661 1137 1737 quam
1160 1646 1313 1708 sanescat

254 1769 316 1824 aut
333 1752 532 1827 solidetur?
543 1753 716 1828 Arbitror
731 1755 888 1828 enim—
899 1780 967 1827 nec
983 1778 1110 1827 vereor
1127 1751 1230 1853 qnod
1242 1749 1313 1824 hec

254 1871 382 1969 opinio
391 1871 519 1945 falsum
527 1897 585 1946 me
601 1871 729 1946 habeat
741 1872 1068 1946 -hnncdolorem
1080 1867 1313 1970 atquenmie·

257 2004 366 2062 tatem
377 2042 388 2078 ,
399 2016 482 2091 qnae
495 1989 584 2062 mihi
596 1991 641 2065 de
651 1991 841 2065 carissimae
853 1988 1122 2065 contubernalis
1132 1987 1315 2063 oeotsione

256 2121 381 2179 exorta
395 2120 468 2195 est,
487 2108 696 2206 perenniter
711 2135 853 2182 mecum
865 2124 1193 2209 perseveraturam,
1203 2105 1316 2178 donee

259 2219 295 2292 id
315 2221 430 2319 ipsum
450 2225 623 2321 temporis
639 2224 814 2321 spatium,
832 2222 932 2324 quod
947 2225 1041 2297 Dens
1058 2220 1147 2295 milri
1166 2218 1210 2292 ad
1227 2217 1317 2292 hanc

259 2338 425 2410 miseram
446 2365 488 2412 ac
515 2340 748 2438 temporalem
780 2341 890 2413 vitam
915 2338 1111 2414 concedere
1133 2336 1316 2421 voluerit,

257 2452 383 2530 debito
401 2455 468 2528 sibi
488 2457 645 2531 termino
663 2457 823 2531 finiatur.
845 2457 962 2552 Quam
981 2471 1100 2529 tamen
1119 2452 1319 2555 proficuam

259 2573 379 2671 potius
390 2572 479 2647 mihi
492 2600 602 2676 quam
614 2577 759 2649 noxiam
772 2574 943 2648 hactenus
956 2573 1135 2672 experior,
1149 2594 1233 2643 oum
1247 2568 1321 2643 ani·

259 2715 373 2777 mum,
393 2690 437 2762 ad
456 2690 536 2764 laeta
553 2705 589 2765 et
604 2718 773 2791 prospera
789 2689 1041 2780 festinantem,
1060 2687 1158 2762 velut
1173 2674 1322 2787 quilius·

258 2804 341 2878 dnm
358 2804 471 2881 frenis
486 2823 593 2909 atque
608 2805 755 2881 habenis
769 2820 975 2881 remoratur
988 2830 1028 2876 ac
1043 2803 1197 2891 retinet,
1215 2826 1323 2875 men·

261 2938 405 3023 temque
417 2925 461 2996 ad
471 2927 736 2999 revocationem
746 2926 875 2998 mortis
883 2938 1042 3010 revocet,
1051 2920 1323 3023 quamadspem

261 3053 297 3111 et
307 3066 466 3115 amorem
477 3043 715 3143 longaevitatis
726 3042 849 3117 odium
862 3057 969 3143 atque
979 3038 1118 3114 oblivio
1130 3039 1323 3113 senectutis

260 3156 433 3231 illexerat.
452 3157 569 3234 Video
585 3157 673 3232 mihi
689 3184 765 3232 non
778 3158 936 3231 multum
951 3174 1133 3257 superesse
1150 3154 1323 3255 temporis

261 3273 305 3346 ad
316 3274 507 3349 vivendum
513 3304 524 3365 3
540 3277 623 3350 licet
633 3294 810 3378 quantum
824 3276 859 3349 id
871 3301 945 3349 esse
957 3272 1103 3360 debeat,
1120 3269 1208 3344 mibi
1223 3271 1324 3371 peni·

263 3405 321 3462 tus
344 3392 546 3491 ignoretur.
563 3393 631 3467 Sed
647 3391 716 3468 hoe
731 3393 970 3466 certissimum
989 3407 1115 3476 teneo,
1138 3402 1176 3461 et
1197 3412 1322 3461 reeens

263 3523 388 3581 natum
405 3510 479 3585 cito
494 3536 596 3610 posse
611 3513 703 3586 mori
720 3528 756 3584 et
768 3536 886 3583 senem
904 3508 965 3581 diu
981 3533 1057 3582 non
1070 3530 1173 3606 posse
1187 3505 1320 3578 vivere.

262 3623 315 3698 Ac
326 3627 479 3726 proinde
496 3628 602 3728 longe
618 3628 742 3702 utilius
762 3654 801 3699 ac
816 3626 953 3700 beatius
970 3625 1050 3697 fore
1066 3647 1193 3696 oenseo
1210 3623 1322 3721 ipsam

263 3745 435 3842 temporis
457 3746 584 3818 ineerti
602 3745 813 3818 brevitatem
836 3768 918 3814 cum
944 3742 1044 3814 luctu
1067 3765 1177 3841 quam
1197 3738 1323 3812 loetitia

262 3859 405 3934 ducere·
427 3860 518 3953 Quia
536 3861 585 3946 si,
611 3860 808 3934 seeundum
825 3858 1210 3943 Dominicamvocem,
1229 3852 1323 3927 betti

262 4005 302 4051 ao
315 3978 433 4052 felices
451 3995 560 4052 erunt
575 3985 638 4079 qui
656 3977 899 4050 lamentantur
913 3991 950 4050 et
968 3975 1093 4075 lugent
1109 3973 1186 4072 (r);
1201 3996 1325 4047 eoon·

297 4248 334 4314 (¹)
353 4248 394 4300 Cl.
410 4248 510 4303 Matth.
525 4270 550 4315 v,
566 4246 582 4302 5
596 4245 754 4317 (Υιιὴςαῐ.)Ι
