3166 5280
261 418 320 476 232
483 417 664 477 lttsTontt
686 418 1001 493 Tntttstartottts,
1023 442 1087 481 erc.

259 534 432 632 altarique
449 536 700 633 superpositis,
717 561 772 607 me
791 553 831 609 ut
849 562 904 608 eas
916 537 1130 635 susciperem
1152 536 1241 610 lecit
1256 565 1319 611 ac·

259 651 334 722 ciri.
361 652 456 722 Tum
482 675 639 749 capsam,
667 652 702 722 in
729 678 798 751 qua
825 653 986 753 reliquiae
1011 653 1314 743 continebantur,

257 768 436 865 aperiens,
451 765 607 839 ostendit
621 766 708 838 mibi
721 782 762 838 ut
776 767 929 841 viderem
943 768 1032 868 quid
1041 785 1150 857 esset,
1168 770 1270 870 quod
1281 788 1318 845 et

259 883 317 956 ille
328 882 511 973 redderet,
527 900 562 956 et
575 884 674 984 quod
687 911 752 983 ego
767 887 975 984 reciperem.

303 1006 365 1075 27.
392 1002 484 1073 Exin
507 999 682 1073 sublatam
698 1000 741 1075 de
763 1003 865 1074 altari
897 1004 1056 1076 eamdem
1076 1028 1217 1103 capsam
1241 1030 1319 1077 ma·

257 1119 363 1192 nibus
390 1120 477 1191 meis
499 1119 689 1217 imposuit,
715 1118 866 1220 dataque
890 1121 1053 1194 oratione
1069 1124 1315 1221 competenti,

255 1236 489 1336 praecentoris
513 1236 620 1308 etiam
637 1236 754 1308 officio
772 1236 936 1324 functus,
954 1236 1194 1335 antiphonam
1220 1236 1315 1310 laudi

255 1355 458 1452 Martyrum
476 1351 749 1425 convenientem
764 1351 901 1425 clericis
916 1353 959 1425 ad
975 1352 1198 1451 psallendum
1210 1380 1318 1453 para-

256 1471 302 1541 tis
322 1468 493 1568 imposuit
501 1497 511 1555 ;
534 1493 670 1567 nosque
692 1494 774 1540 cum
799 1468 861 1541 illo
883 1466 1123 1542 inaestimabili
1148 1469 1318 1543 thesauro

255 1583 476 1666 recedentes,
493 1581 657 1682 usquead
672 1583 802 1655 ostium
821 1581 973 1656 basilicae
990 1581 1219 1659 concinendo
1231 1608 1318 1683 pro·

256 1714 396 1773 secutos
414 1714 480 1771 est.
496 1699 733 1771 Processimus
752 1697 834 1771 inde
853 1699 1022 1797 paulatim
1043 1725 1127 1772 cum
1149 1698 1318 1773 crucibus

256 1835 291 1890 et
308 1818 434 1902 cereis,
455 1814 634 1888 laudantes
650 1817 795 1889 Domini
817 1815 1116 1903 misericordiam,
1140 1818 1319 1919 usquead

255 1935 468 2018 oratorium,
487 1931 586 2033 quod
603 1948 678 2005 erat
695 1933 731 2004 in
749 1932 861 2006 domo
875 1948 1015 2021 nostra,
1033 1934 1095 2005 vili
1109 1958 1220 2033 opere
1231 1958 1320 2007 con·

254 2066 450 2136 structum3
476 2050 598 2148 eique,
624 2051 706 2148 quia
723 2048 818 2121 aliud
836 2049 884 2122 ibi
907 2077 982 2124 non
1000 2048 1220 2139 habebatur,
1239 2051 1319 2124 illas

256 2195 367 2242 sacras
394 2166 561 2265 reliquias
588 2165 789 2238 intulimus.
822 2170 862 2239 ln
892 2166 951 2239 illa
978 2193 1062 2240 vero
1088 2168 1319 2267 processione

256 2301 395 2371 nostra,
414 2281 579 2383 quamde
596 2280 737 2354 basilica
754 2308 865 2382 usque
878 2282 920 2355 ad
933 2284 1133 2358 oratorium
1148 2300 1319 2361 nostrum

258 2432 324 2479 nos
341 2402 464 2474 fecisse
487 2398 581 2487 dixi,
603 2400 690 2501 quid
705 2400 867 2472 miraculi
886 2400 1072 2487 acciderit,
1090 2426 1219 2475 censeo
1240 2426 1317 2475 non

255 2546 328 2596 esse
343 2516 541 2591 tacendum.
559 2515 835 2615 Egredientibus
851 2517 949 2589 enim
965 2514 1070 2589 nobis
1087 2515 1315 2605 deecclesia,

254 2637 465 2736 laudemque
482 2634 641 2707 Domino
654 2635 730 2709 Deo
752 2650 876 2709 nostro
894 2633 1028 2707 excelsa
1047 2658 1135 2707 voce
1149 2636 1318 2708 canenti-

256 2753 341 2842 bus,
356 2752 512 2825 tantaris
522 2749 930 2824 suavissimiodoriseam
938 2764 1076 2849 partem
1087 2749 1155 2821 vici
1167 2750 1318 2851 Aquen-

256 2872 319 2957 sis,
349 2894 433 2968 quae
458 2866 503 2939 ab
526 2866 670 2939 ecclesia
694 2866 735 2937 ad
760 2866 980 2939 occidentem
1006 2864 1170 2965 respicit,
1200 2880 1316 2941 totam

257 2986 439 3086 implevit,
457 3001 498 3056 ut
515 2982 572 3055 illa
593 2985 764 3083 fragantia
783 3010 873 3081 pene
889 3008 1014 3055 omnes
1030 2980 1316 3081 ejusdem-partis

256 3102 490 3187 habitatores,
523 3101 679 3199 itemque
706 3100 885 3185 universi,
913 3098 976 3199 qui
1003 3124 1070 3196 pro
1091 3094 1315 3198 quibuslibet

147 3256 150 3261 ·
256 3218 481 3316 causisatque
498 3214 649 3313 negotiis
659 3214 780 3287 eadem
794 3216 830 3287 in
842 3231 942 3313 parte
952 3214 1094 3287 fuerant
1108 3214 1313 3305 constituti,

256 3336 303 3404 ita
319 3332 491 3403 divinitus
507 3348 840 3417 commorerentur,
860 3347 901 3403 ut
916 3331 1066 3418 omissis,
1081 3356 1163 3430 quoe
1181 3331 1219 3402 in
1234 3356 1314 3403 ma-

256 3447 362 3522 nibus
377 3446 601 3519 habebantur
615 3447 800 3545 operibus,
826 3448 946 3520 cuncti
963 3472 1069 3519 cursu
1088 3444 1315 3543 rapidissimo

257 3566 375 3663 primo
398 3562 440 3635 ad
462 3562 664 3651 ecclesiam,
693 3564 819 3637 deinde
845 3564 944 3665 quasi
971 3589 1035 3661 per
1057 3562 1245 3661 vestigium
1269 3562 1315 3635 ad

255 3681 453 3757 oratorium
469 3694 654 3767 nostrum,
676 3682 713 3752 in
727 3680 826 3780 quod
843 3681 919 3753 illas
937 3679 1103 3778 reliquias
1116 3677 1229 3750 illatas
1240 3704 1314 3753 esse

253 3798 459 3883 audierant,
497 3822 724 3896 summopere
755 3797 980 3871 festinarent.
1012 3796 1069 3868 Fit
1100 3794 1314 3869 immodicus

252 3920 346 3989 intra
365 3927 462 4012 septa
485 3928 605 3987 nostia
627 3913 818 3987 exultantis
840 3914 947 3986 simul
973 3929 1079 4012 atque
1103 3910 1315 3984 admirantis

249 4029 374 4131 populi
404 4054 617 4115 concursus,
648 4045 788 4102 etcum
822 4056 949 4129 magna
974 4052 1052 4127 pars
1074 4051 1219 4113 eorum,
1248 4026 1314 4127 qui

248 4148 515 4230 ‹tosilluxerant,
540 4144 573 4217 id
590 4148 689 4245 quod
706 4146 874 4245 agebatur
886 4146 975 4247 quid
991 4158 1080 4219 esset
1100 4144 1310 4242 ignoraret,
