3090 5302
572 454 764 518 earnium
787 456 962 518 cuturn.
1084 440 1090 451 “
1238 455 1297 519 aas
1395 480 1398 484 ·

242 572 364 645 suade
382 568 451 644 hoe
464 570 562 672 quod
574 575 710 674 aceepit
726 600 841 674 apare
853 599 918 648 sno
930 574 1006 648 ullo
1019 596 1189 673 umquam
1206 589 1298 646 tem-

241 710 331 784 pore
360 687 574 759 ealumniam
607 689 761 790 aliquam
790 691 846 764 vel
878 689 1092 789 repetitione
1129 714 1298 789 generare

240 818 446 900 praesumat.
468 803 573 897 Quod
592 807 655 905 qui
675 805 813 896 feeerit,
833 832 910 879 rem
924 805 1178 906 quamaceepit
1192 806 1297 878 amit·

241 933 307 1007 tat,
326 933 362 991 et
380 919 526 1019 insuper
538 922 613 1019 pari
629 947 707 1011 suo,
723 936 875 1022 cogente
889 921 988 1010 fisco,
1007 921 1083 993 arari
1101 917 1192 992 libra
1210 945 1294 1007 una,

239 1035 378 1133 argenti
395 1034 543 1133 pondua
556 1063 616 1110 sex
639 1054 783 1111 coactus
799 1038 976 1126 exsolvat,
997 1055 1034 1111 et
1052 1037 1220 1137 repetitio
1235 1061 1296 1109 sua

240 1149 382 1221 nullum
403 1148 566 1226 obtineat
589 1153 752 1229 effectum
764 1209 776 1243 ,
799 1153 859 1228 sed
881 1169 1073 1253 praesentes
1092 1170 1292 1227 commuta-

239 1266 356 1339 tiones
386 1266 446 1340 has
479 1267 597 1341 firmas
625 1286 661 1343 et
691 1270 833 1345 stabiles
865 1271 1003 1345 valeant
1028 1270 1295 1370 perdurare.-

239 1390 373 1455 Actum
386 1384 629 1486 Argentogelo
641 1405 724 1462 ante
735 1387 878 1461 basilien
892 1389 1031 1460 Sanetae
1043 1387 1179 1475 Mariae,
1197 1411 1294 1459 anno

238 1501 429 1574 undecimo
444 1518 616 1603 regnante
625 1503 775 1579 domino
788 1505 999 1579 Hludowico
1010 1504 1168 1605 piissimo
1182 1504 1293 1602 impe·

237 1631 371 1692 ratore.

358 1756 515 1838 †Signurn
539 1759 688 1841 Egishario
710 1763 899 1822 vicedomino.
927 1760 1082 1842 †Signum
1105 1758 1291 1819 Theotboldo.

418 1857 575 1941 †Signum
606 1861 735 1925 Derulso.
763 1862 920 1943 †Signum
954 1861 1098 1921 Berhario.
1133 1859 1292 1941 †Signum

420 1962 553 2021 Aneloui.
569 1963 721 2045 †Siguum
736 1965 886 2028 Anselueo.

551 2208 588 2268 V.
611 2208 766 2269 cutura
786 2207 978 2268 ElNllAllDl

235 2354 264 2412 S.
283 2354 429 2416 Blandinii
445 2359 607 2421 Gaudensis
626 2363 738 2421 abbatis
758 2384 815 2442 qua
830 2360 990 2421 Nordberto
1005 2361 1147 2439 praestarie
1162 2351 1294 2416 concedit

277 2455 415 2534 quasdam
440 2481 483 2519 res
503 2461 539 2520 ad
566 2463 769 2521 monasterinm
795 2460 999 2520 Blandiniense
1020 2458 1057 2517 ab
1082 2458 1181 2517 eodem
1211 2455 1293 2515 ‹lele-

277 2569 356 2637 ΕΜ
371 2563 423 2634 (1)·
684 2623 694 2634 .

632 2644 708 2708 (tan.
721 2646 784 2706 aaa,
798 2645 826 2693 21
838 2642 900 2709 Jan.)

285 2778 497 2855 Venerabile
514 2783 550 2854 in
575 2780 718 2857 Christo
742 2782 945 2855 Einhardus
960 2779 1080 2854 abbas.
1105 2782 1199 2852 Dum
1217 2797 1295 2849 non·

235 2911 289 2967 est
306 2896 530 2997 incognitum
545 2900 698 2999 qualiter
710 2927 766 2973 res
780 2915 856 2971 tuas
867 2899 964 2999 quod
980 2913 1020 2969 tu
1034 2895 1244 2994 comparasti
1257 2909 1293 2968 et

234 3010 279 3083 atl
291 3015 547 3087 monasterium
561 3033 725 3091 nostrum
738 3016 912 3088 tradidisti
930 3031 966 3088 et
981 3014 1024 3086 ad
1037 3040 1126 3112 opus
1137 3011 1292 3083 fratrum

270 3254 310 3325 (a)
325 3253 401 3307 Nous
418 3255 580 3325 imprimons
595 3264 667 3309 cette
685 3255 780 3308 charte
796 3253 864 3308 dont
878 3251 1013 3325 l'original
1026 3263 1068 3306 est
1081 3252 1210 3306 conserve
1227 3249 1295 3303 dans

234 3350 275 3405 les
289 3350 420 3405 Archives
441 3350 475 3405 de
493 3350 520 3404 la
537 3351 655 3406 Flandre
669 3350 813 3407 Orientale
835 3348 964 3415 tGand,
982 3349 1089 3421 ‹l'apres
1105 3347 1132 3402 le
1152 3345 1295 3401 iac-simile

235 3446 319 3520 qn'en
331 3466 346 3500 a
360 3445 452 3501 donne
464 3447 504 3500 M.
518 3446 702 3519 Warnkoenig
715 3445 783 3501 dans
795 3464 843 3500 son
856 3445 975 3500 Histoire
992 3444 1027 3499 de
1040 3447 1068 3499 la
1080 3444 1206 3500 Flandre
1219 3453 1246 3497 et
1259 3443 1294 3496 de

235 3560 281 3596 ses
292 3544 495 3608 institutionm
508 3541 534 3595 la
547 3541 584 3594 fin
596 3539 634 3595 dn
647 3552 722 3596 tome
732 3543 764 3595 Ρ·
773 3540 808 3596 de
814 3540 939 3596 l'editlon
948 3540 1109 3595 allemande.
1123 3543 1159 3594 Le
1171 3549 1243 3594 texte
1253 3548 1295 3592 est
1412 3588 1416 3595 ,

235 3636 380 3709 imprime,
400 3655 427 3708 p.
451 3655 496 3690 101
516 3636 550 3690 de
568 3647 640 3692 cette
656 3636 777 3703 edition,
797 3648 826 3691 et
843 3647 918 3692 tome
931 3639 973 3706 1³,
993 3656 1021 3710 p.
1035 3635 1100 3704 324,
1120 3635 1155 3690 de
1168 3634 1291 3689 l'editiou

234 3733 378 3806 lraueaise.
399 3734 508 3788 Dieriex
527 3732 615 3788 l’avait
627 3733 687 3805 de'j'a
703 3733 813 3807 publiee
826 3734 894 3789 dans
913 3752 963 3789 son
982 3732 1144 3806 Appendice
1159 3750 1218 3785 aux
1231 3731 1292 3784 Μί-

235 3833 337 3884 moires
348 3813 397 3884 sur
409 3832 437 3885 la
448 3832 516 3885 ville
529 3831 563 3885 de
581 3830 676 3897 (land,
692 3850 720 3903 p.
736 3829 779 3885 85.
794 3833 837 3886 Au
848 3831 917 3885 latin
927 3830 1044 3884 barbare
1054 3827 1089 3881 de
1102 3835 1174 3881 celte
1182 3826 1291 3890 charte,

235 3926 256 3979 il
269 3938 311 3981 est
323 3926 401 3981 facile
414 3927 448 3981 de
462 3927 633 3982 recounaltre
645 3926 745 3999 qu‘elle
763 3927 887 3982 n'ernane
902 3928 982 4000 point
993 3914 1163 3997 d'Eginhard
1177 3939 1291 3995 person·

235 4021 401 4088 nellement,
417 4032 445 4075 et
465 4021 563 4095 qu’elle
583 4042 599 4075 a
619 4025 663 4076 ete
680 4021 792 4094 redigee
808 4022 876 4078 daus
893 4022 918 4078 le
939 4022 1092 4076 monestere
1108 4038 1215 4074 comme
1233 4030 1292 4073 acte

234 4119 495 4175 d’administration.
526 4120 604 4173 Cette
629 4119 802 4175 observation
826 4130 893 4194 peut
917 4119 1083 4194 s'appliquer
1108 4122 1124 4172 a
1147 4116 1173 4172 la
1197 4117 1292 4173 charte

235 4215 402 4290 precedente
421 4227 448 4270 et
468 4220 481 4270 a
500 4215 567 4271 celle
583 4218 631 4289 qui
650 4217 713 4271 suit.
733 4217 805 4272 Elles
822 4217 1003 4289 proviennent
1020 4227 1110 4272 tontes
1131 4216 1199 4270 trois
1216 4215 1250 4271 de
1267 4215 1291 4269 la

235 4316 326 4372 meme
341 4333 446 4369 source.
