3166 5280
168 326 173 335 ·
257 302 318 364 stu
596 302 788 364 munuum
811 302 985 365 CBARTAE.

256 420 359 511 ficiis,
386 423 504 511 terris,
531 423 654 522 pratis,
690 422 805 511 silvis,
832 423 983 523 campis,
1008 420 1169 521 pascuis,
1195 422 1305 523 equis,

256 565 474 639 aquarumve
485 539 705 628 decursibus,
725 540 830 615 cultis
844 539 929 612 iocis
942 552 979 613 ct
993 535 1153 623 incultis,
1168 538 1309 613 nobiti-

255 652 321 727 bus
353 653 461 729 rebus
492 670 528 729 et
551 656 816 744 immobilibus,
842 682 883 728 ac
910 655 1037 755 seipsas
1063 652 1306 743 moventibus,

255 772 441 871 mancipiis
464 772 593 847 diversi
619 799 721 847 sexus
754 789 790 847 et
815 773 949 864 aetatis,
972 798 1125 847 numero
1149 786 1307 859 centum,

253 887 428 963 donamus
446 904 482 963 et
506 888 678 963 tradimus
701 888 744 962 ad
766 888 946 962 basilicam
965 889 1038 963 sive
1057 890 1309 964 monasterium

256 1005 445 1077 venerandi
461 1006 630 1105 martyris
644 1004 777 1077 Christi
790 1004 943 1091 Nazarii,
958 1004 1056 1103 quod
1066 1018 1219 1079 vocatur
1231 1005 1312 1076 lau·

253 1122 407 1209 rosham,
426 1137 462 1196 et
478 1138 530 1195 est
548 1136 798 1195 constructum
822 1122 858 1193 in
872 1146 964 1220 pago
978 1118 1168 1194 Rbeuense
1182 1120 1261 1219 (s),
1277 1120 1310 1193 in

253 1238 330 1337 ripa
347 1240 507 1313 fluminis
529 1239 627 1339 quod
651 1238 786 1313 dieitur
803 1239 952 1339 Wisgoz
973 1237 1043 1335 (α),
1065 1236 1130 1309 ubi
1154 1252 1311 1337 tempore

252 1358 420 1454 praesenti
438 1356 493 1428 vir
515 1356 727 1431 venerabilis
750 1355 956 1456 Adalungus
971 1352 1063 1427 abba
1078 1353 1138 1451 (ὅ)
1155 1354 1234 1429 Deo
1251 1354 1311 1427 ds-

252 1475 439 1549 servientis
455 1475 743 1576 congregationis
758 1489 879 1575 pastor
895 1490 932 1549 et
948 1489 1070 1549 rector
1090 1498 1167 1547 esse
1181 1498 1310 1571 eogno-

252 1592 377 1663 scitur.
406 1593 457 1664 Ea
483 1592 648 1666 videlicet
670 1592 811 1665 ratione
831 1606 1065 1666 memoratam
1080 1588 1310 1665 donationem

250 1723 358 1809 atque
377 1708 606 1783 traditionem
623 1707 807 1796 facientes,
825 1724 881 1795 ut,
896 1706 1066 1808 quamdiu
1083 1706 1122 1779 in
1141 1708 1211 1779 bac
1222 1730 1312 1779 mor·

252 1826 514 1901 talitatedivina
519 1826 678 1925 jussione
688 1826 895 1917 vixerimus,
904 1824 1094 1901 habeamus
1106 1822 1311 1925 praedictam

252 1943 377 2018 celiam
394 1945 431 2016 in
447 1959 569 2019 nostra
584 1958 779 2043 potestate,
796 1959 832 2017 et
845 1942 912 2016 sub
926 1959 1048 2017 nostru
1059 1940 1312 2025 ordinatione,

250 2058 384 2162 absque
396 2061 502 2133 ullius
514 2087 679 2160 personoe
692 2077 755 2133 aut
765 2060 948 2159 potestatis
960 2058 1254 2134 contradictione
1264 2056 1313 2129 vel

250 2177 523 2275 impedimento,
538 2192 610 2250 tam
625 2176 745 2266 simul,
757 2203 866 2277 quam
877 2176 1086 2277 singiliatim
1098 2200 1168 2275 per
1180 2198 1316 2247 succes-

250 2292 401 2379 sionem,
414 2294 457 2383 si,
468 2320 541 2368 uno
554 2294 757 2392 superstite,
768 2295 858 2367 alter
868 2320 888 2368 e
898 2293 1099 2368 nobisaute
1111 2290 1313 2365 decesserit.

249 2410 277 2480 F
279 2407 359 2481 ilios
374 2433 520 2509 quoque
532 2408 561 2480 si
580 2434 647 2483 nos
663 2407 793 2483 babere
804 2410 1017 2509 contigerit,
1036 2433 1133 2489 unus
1149 2408 1262 2481 exeis
1282 2406 1316 2477 in

250 2524 372 2599 eadem
388 2528 606 2624 possessione
623 2525 729 2601 nobis
745 2531 829 2626 jure
851 2526 1014 2627 precario
1028 2524 1214 2599 succedat.
1237 2524 1318 2597 Pus

250 2641 393 2719 obitum
411 2669 496 2718 vero
514 2660 694 2733 nostrum,
714 2662 909 2720 memorata
925 2644 1013 2719 cells
1033 2670 1117 2717 oum
1137 2643 1245 2717 omni
1262 2649 1319 2715 in-

250 2759 413 2859 tegritate
433 2758 477 2832 ad
499 2761 806 2859 praenominatum
827 2760 1029 2837 venerabile
1054 2758 1318 2835 monasterium

248 2872 381 2975 absque
398 2874 507 2949 ullius
520 2876 806 2951 contradictione
823 2878 1036 2978 recipiatur,
1052 2889 1090 2951 et
1107 2876 1147 2949 in
1164 2878 1243 2975 ejus
1255 2900 1319 2975 po·

248 3005 486 3092 testateatque
493 2992 658 3068 dominio
667 3008 841 3093 perpetuo
848 3008 1066 3092 permaneat.
1079 2994 1129 3065 Et
1140 2992 1174 3065 si
1188 2990 1319 3093 aliquis

283 3220 323 3290 (r)
340 3219 376 3273 be
388 3235 454 3290 pays
466 3218 505 3273 du
517 3219 608 3285 Rhis,
623 3220 695 3274 situe
707 3228 786 3273 entre
797 3217 823 3273 ie
838 3236 902 3292 pays
913 3216 952 3272 du
962 3218 1039 3273 Mein
1050 3226 1080 3273 et
1092 3216 1119 3273 ie
1130 3216 1317 3291 lnbdeugau.

249 3313 393 3371 s’etcndait
404 3330 452 3368 sur
464 3313 489 3369 ia
505 3316 562 3369 rire
571 3313 663 3370 droite
672 3314 712 3369 dn
726 3315 803 3369 Rbin
816 3313 915 3388 depuis
926 3313 953 3369 ie
963 3314 1041 3369 Mein
1050 3313 1188 3389 jusqu'au
1200 3312 1318 3381 Nede,

248 3419 277 3464 et
293 3409 464 3481 compreuait
482 3427 537 3464 une
550 3410 639 3484 partie
651 3410 686 3465 de
701 3410 892 3477 l'Odcuwald,
909 3410 936 3466 le
949 3410 1129 3485 bagnum,
1152 3420 1185 3466 et
1202 3410 1232 3467 Ιι
1248 3420 1320 3467 tm

248 3504 284 3561 de
300 3505 430 3571 Gerarer,
453 3514 528 3560 terra
556 3506 684 3575 Gemba,
706 3506 761 3563 das
784 3508 909 3563 Geram
927 3506 1077 3565 Laudicia.
1105 3506 1184 3581 voy.
1206 3506 1319 3571 neat..

248 3601 299 3658 lib.
311 3620 351 3670 iv,
366 3600 433 3677 765,
447 3612 480 3655 n⁰
492 3618 626 3658 occutus.

284 3698 323 3770 (a)
340 3696 528 3769 Aujourd'bui
541 3698 567 3753 le
577 3698 753 3761 Weschnitz.
768 3700 855 3773 petite
869 3699 968 3755 ris-iere
978 3700 1042 3773 qui,
1054 3700 1139 3771 apres
1154 3698 1321 3773 avuirpn'

250 3814 285 3851 au
297 3796 369 3851 nord
380 3796 415 3851 de
430 3797 542 3865 Lumen,
556 3816 588 3852 ra
598 3815 627 3851 se
635 3798 709 3869 jeter
720 3796 789 3852 dans
800 3796 826 3851 ic
837 3796 925 3852 Rhis.

283 3890 323 3963 (5)
341 3892 517 3967 Adalungus,
539 3895 696 3968 cinquieme
720 3894 791 3949 abbe
812 3892 849 3950 de
871 3894 981 3949 Lorscb.
1004 3891 1028 3948 lt
1051 3900 1187 3961 mourut,
1211 3892 1321 3949 suivant

248 3987 285 4044 G.
303 3988 444 4055 Helwich,
467 3990 493 4045 ie
516 4008 538 4044 rr
558 3990 607 4045 des
624 3990 750 4046 calendes
766 3989 801 4046 de
818 3990 974 4064 septembre
985 3986 1049 4045 ⁸38.
1068 3989 1146 4061 toy.
1161 4008 1229 4045 stov.
1246 3988 1320 4045 aad.

252 4086 364 4145 curtes..
381 4088 417 4152 V,
434 4086 497 4160 698.
