3166 5280
251 434 312 490 950
474 432 656 494 HISTORIA
678 435 994 513 Talustttlottls,
1017 460 1082 501 erc.

250 576 321 650 que
349 550 565 648 Martyribus
588 581 628 626 ac
643 571 787 655 recepto
820 557 1067 635 membrorum
1092 560 1238 663 vigore,
1263 562 1301 635 ad

251 669 395 767 propria
410 669 603 768 repedavit.

301 1256 363 1328 as.
389 1256 524 1329 ruera
552 1239 696 1358 quiae
718 1258 847 1350 aomo,
876 1257 1115 1333 variabam
1139 1260 1306 1349 namins,

253 1370 346 1442 hand
364 1371 499 1473 longea
518 1372 680 1463 basilica,
702 1374 825 1476 inqua
845 1402 945 1449 nune
963 1375 1160 1451 beatorum
1172 1382 1312 1478 Marty-

253 1513 336 1559 rum
350 1513 501 1588 corpora
516 1492 757 1591 requiescunt,
772 1491 924 1565 domum
938 1492 1084 1583 habens,
1101 1494 1202 1567 inter
1213 1506 1313 1567 cele

252 1631 327 1691 ros,
345 1607 408 1707 qui
425 1606 468 1680 ad
486 1610 753 1684 venerationem
771 1611 902 1684 sanctis
920 1608 1159 1686 exhibendam
1179 1636 1314 1687 eonve-

253 1738 401 1813 nerant,
434 1724 477 1797 ad
518 1725 693 1798 feretrum
725 1728 887 1813 accessit,
919 1743 957 1801 et
983 1727 1083 1828 qnasi
1116 1752 1190 1826 pro
1217 1726 1315 1803 dono

252 1837 485 1939 quadraginta
496 1841 661 1916 denarios
670 1842 819 1915 obtulit.
836 1843 921 1936 Qui,
937 1868 1053 1917 eum-a
1069 1840 1314 1917 nobis-suisset

253 1955 493 2055 interrogatus
517 1960 598 2058 quis
627 1974 739 2050 esset,
768 1958 930 2061 quidque
951 1958 1020 2033 sibi
1045 1959 1153 2033 vellet
1172 1958 1317 2059 lnjnm

255 2075 413 2145 muneris
427 2071 582 2161 oblatio,
598 2076 721 2148 retulit
731 2102 767 2148 se
778 2091 862 2149 ante
880 2100 1012 2174 pancos
1023 2074 1098 2147 dies
1106 2076 1317 2175 gavissins

255 2188 426 2287 languore
453 2207 678 2288 correptum,
704 2191 748 2264 ad
773 2209 936 2266 extrema»
951 2192 1059 2267 finisse
1078 2189 1316 2290 perductum,

255 2305 345 2380 adeo
352 2324 392 2378 ut
400 2304 633 2396 abomnibus,
646 2309 707 2408 qui
721 2309 944 2396 aesiderant,
956 2308 1318 2409 desperatus,adno-

258 2438 404 2495 neretur
418 2437 459 2494 ut
475 2448 601 2497 omnes
619 2422 805 2497 facultates
821 2449 900 2496 suas
916 2420 1167 2520 pro-remedio
1187 2422 1318 2495 anime

256 2565 329 2611 sure
346 2539 509 2613 celeriter
525 2555 709 2639 erogaret:
730 2566 837 2641 seque
853 2541 902 2612 ita
920 2538 1057 2614 fecisse.
1076 2540 1231 2639 Jamque
1245 2564 1319 2613 om,

256 2653 361 2727 nibus
384 2682 467 2756 quae
489 2656 662 2745 habebat,
687 2656 731 2729 ad
756 2682 838 2756 quoe
864 2657 921 2755 pia
951 2657 1027 2729 loca
1056 2654 1178 2728 danda·
1196 2654 1321 2728 forent

256 2773 457 2871 dispositis,
486 2801 599 2846 unum
623 2775 792 2848 exsertis
817 2775 889 2845 suis
907 2798 993 2845 cum
1021 2771 1164 2873 ingenti-
1181 2770 1321 2871 gemitu

258 2890 363 2963 fuisse
390 2908 649 2991 conquestum,
675 2890 773 2991 qnod
794 2916 982 2989 perperam
1005 2914 1047 2961 ac
1075 2887 1176 2961 valde
1201 2886 1323 2987 negli-

257 3021 384 3105 genter
401 3005 445 3080 ah
464 3008 513 3080 eis
527 3009 663 3080 factum
680 3022 771 3079 esset
791 3008 828 3079 in
846 3033 890 3082 eo
913 3004 1012 3106 quod
1035 3003 1127 3077 nilril
1149 3002 1322 3079 debonis

259 3126 333 3220 ejus
350 3125 479 3195 sanctis
496 3149 612 3222 nuper
629 3123 672 3197 de
694 3124 805 3195 Roma
825 3119 1053 3195 venientibus
1070 3120 1196 3193 datum
1215 3133 1320 3193 esset.

259 3242 356 3311 Tum
376 3266 412 3315 se
435 3241 703 3312 circumstantes
722 3241 976 3338 interrogasse,
996 3238 1026 3310 si
1047 3232 1185 3337 aliquid·
1206 3232 1326 3309 dere·

259 3357 327 3429 bus
350 3359 421 3430 suis
442 3383 622 3457 superesse
650 3358 801 3444 scirent,
826 3356 926 3457 quod
954 3353 998 3426 ad
1027 3351 1325 3453 Martyresnitti

259 3473 717 3573 potuisset.-Erantenim
725 3471 840 3544 adhuc
850 3472 891 3543 in
898 3466 1172 3554 Michiliostadt,
1179 3480 1219 3541 et
1228 3492 1328 3547 non·

259 3593 346 3665 dum
363 3589 541 3690 aliquibus
560 3591 669 3689 signis
694 3590 929 3671 inclaruerat,
947 3586 1047 3685 quod
1067 3582 1150 3657 inde
1167 3582 1328 3681 migrent

260 3710 446 3784 deberent.
458 3750 505 3765 -
516 3710 610 3779 Tum
623 3706 812 3807 quemdam
830 3702 1072 3803 respondisse,
1091 3701 1268 3801 quonium
1279 3700 1327 3779 ds

260 3828 428 3902 omnibus
448 3825 554 3900 rebus
569 3829 643 3925 ejus
657 3852 750 3897 ursus
770 3839 911 3895 tantum
926 3847 1059 3921 porcus
1073 3819 1327 3905 maturet..

262 3965 297 4019 et
315 3973 389 4019 non
419 3968 492 4018 esse
509 3943 719 4042 deputatum
747 3967 821 4040 quo
847 3940 924 4011 dari
950 3935 1123 4021 deberet,
1143 3950 1234 4009 tunc
1255 3934 1328 4007 sibi

262 4063 533 4163 complacuisse,
553 4086 660 4159 seque
677 4059 904 4158 precepisse,
922 4070 963 4127 ut
975 4052 1269 4139 venundaretur,
1290 4066 1331 4125 et

263 4195 344 4275 post
359 4176 500 4251 obitum
520 4202 621 4247 suum
641 4174 798 4273 pretium
824 4171 913 4245 illud
927 4169 971 4243 ad
987 4170 1194 4267 Martyrum
1212 4166 1331 4239 lusni-
