3090 5302
578 521 773 585 treunnlx
794 524 956 586 atrum.
1240 530 1295 588 171

234 642 382 711 molestia
407 659 549 712 vestrum
573 649 714 738 reperire
741 663 820 715 tune
843 671 968 715 merear
985 647 1150 727 animum,
1175 662 1298 716 utnon

234 777 326 829 vacet
342 762 523 855 modo,pro
541 763 634 832 solita
650 763 1073 857 dignatione,quaeeumque
1089 765 1238 833 amicalia
1250 769 1299 833 ri-

235 877 400 948 debuntur
420 903 549 950 meeum
572 906 757 960 conserere,
781 882 1007 950 verumetiam
1024 882 1081 949 ubi
1100 881 1151 948 vel
1167 902 1296 963 meum,

234 994 286 1061 vel
298 994 438 1063 aliorum
450 1019 502 1065 me
514 997 641 1080 delicit,
654 1015 795 1067 restrum
807 999 892 1068 adsit
908 1000 1092 1068 consultum
1109 1001 1297 1090 ingenium,

233 1114 287 1178 oui
311 1128 471 1203 quamum
497 1137 683 1206 assurgam,
708 1131 932 1209 quantumque
955 1115 1121 1197 delerem,
1140 1130 1299 1206 quantum

233 1228 376 1321 denique
396 1255 436 1300 eo
456 1254 507 1299 me
531 1232 582 1300 rel
602 1232 751 1322 adjutum
773 1233 825 1301 rel
850 1232 1072 1324 adjuvandum
1090 1230 1239 1314 credam,
1263 1244 1301 1297 ut

232 1343 430 1436 adulationis
445 1371 590 1417 mersum
607 1349 783 1440 effugiam,
805 1349 883 1417 nolo
909 1349 1049 1443 amplius
1064 1347 1193 1434 dicere,
1213 1349 1302 1415 Deus

233 1461 372 1545 viderit,
406 1465 501 1556 eujus
531 1465 672 1558 idipsum
698 1468 802 1559 gratia
837 1468 1037 1559 procuravit.
1069 1465 1204 1534 Interim
1231 1465 1301 1532 hoc

233 1603 306 1670 quae
317 1579 464 1670 subjeci,
483 1597 633 1674 paterna,
651 1607 716 1674 qua
730 1607 782 1650 me
798 1607 923 1677 semper
938 1582 1074 1665 iuvetis,
1091 1584 1208 1675 pietate
1223 1605 1303 1648 oon·

232 1695 376 1763 siderare
388 1697 583 1788 dignemini,
596 1714 633 1765 ut
643 1723 681 1766 ea
692 1701 827 1792 previsa
836 1700 917 1767 mihi
926 1698 1056 1768 facilius
1064 1696 1252 1790 expediatis.
1263 1696 1302 1763 ln

233 1817 338 1904 priori
373 1814 457 1883 libro
487 1817 707 1886 Arithmeticae
735 1821 882 1901 Boetius,
913 1833 1030 1910 quarto
1057 1815 1224 1909 capitulo,
1256 1816 1301 1880 sio

234 1934 328 2024 ponit
346 1959 354 1998 :
374 1959 390 1995 ιι
406 1931 509 2022 Quod
520 1949 629 2001 autem
646 1935 833 2003 dictumest
849 1933 1029 2004 seeundum
1046 1935 1189 2001 duorum
1206 1952 1304 2022 gene·

234 2073 309 2116 rum
322 2051 501 2117 contrarias
513 2052 676 2142 passiones
688 2052 880 2142 hujusmodi
892 2069 973 2121 est.»
984 2051 1037 2120 Ab
1055 2076 1094 2119 ιο
1111 2051 1185 2118 loeo
1200 2073 1304 2139 usque

233 2172 276 2239 ad
294 2172 363 2239 hen
377 2172 487 2255 verbe,
502 2197 575 2264 qua
586 2176 698 2265 paucis
716 2175 894 2265 interjectis
907 2177 1147 2265 subjiciuntur:
1165 2172 1304 2266 «spatio

234 2302 282 2355 est
305 2289 471 2368 maxima,
501 2290 691 2379 parvissima
718 2293 899 2382 quantitate
917 2320 955 2370 ιι,
984 2293 1093 2358 minus
1107 2291 1190 2358 mihi
1206 2310 1305 2382 quam

234 2404 333 2472 velim
352 2403 477 2470 clarum
495 2419 554 2470 est.
564 2405 602 2470 ln
619 2405 734 2472 eodem
750 2405 849 2487 libro,
867 2432 943 2473 xxxr
958 2405 1114 2498 capitulo,
1129 2421 1228 2495 negat
1239 2426 1306 2472 esse

238 2549 254 2584 ιι
269 2519 403 2587 difficile
421 2519 661 2610 diligentibus»
679 2536 795 2613 praeter
807 2547 889 2613 quas
903 2525 969 2614 ipse
982 2523 1172 2613 expresserit
1185 2535 1304 2612 partes,

235 2636 433 2729 multiplices
464 2638 746 2728 superpartientis,
770 2638 952 2705 seeundum
979 2651 1195 2704 monstratum
1228 2660 1247 2701 a
1273 2659 1306 2702 se

235 2755 387 2838 modum,
396 2772 525 2823 caeteras
538 2757 691 2848 reperiri,
703 2756 808 2847 quod,
825 2757 852 2822 si
863 2779 922 2847 per
933 2779 990 2821 ros
999 2754 1093 2846 plene
1105 2751 1195 2843 quod
1207 2752 1305 2843 paulo

234 2873 391 2964 premisit
403 2874 550 2964 superius
567 2871 773 2955 intellexero,
792 2873 850 2940 ubi
862 2874 908 2938 ait
926 2900 932 2938 :
951 2899 966 2934 ιι
981 2871 1259 2961 vocabunturque
1270 2871 1305 2936 hi

235 2989 417 3057 seeundum
435 2991 583 3081 proprias
607 3005 713 3081 partes
732 2989 851 3080 duplex
868 2990 1143 3081 superbipartiens
1159 3017 1189 3069 ιι,
1212 3005 1245 3055 ιι
1261 3013 1306 3055 se·

235 3108 384 3198 quentia,
392 3108 548 3174 nimirum
555 3106 636 3173 mihi
648 3131 713 3173 non
721 3105 932 3174 eritdiffioile.
944 3105 1033 3173 Idem
1046 3122 1160 3173 auctor
1170 3105 1307 3172 eximius

238 3224 383 3292 seeundo
395 3224 541 3314 ejusdem
558 3225 664 3315 operis
676 3222 775 3304 libro,
787 3225 929 3314 itemque
942 3222 1084 3290 seeundo
1100 3223 1221 3313 capite:
1239 3223 1307 3288 ιιΕι

238 3357 274 3407 ut
293 3341 358 3422 ait,
383 3341 506 3430 inquit,
521 3339 741 3406 Nicomachus
767 3340 992 3406 inmusitatum
1012 3366 1044 3421 ιι,
1069 3340 1152 3419 sive,
1174 3353 1211 3405 ut
1227 3336 1306 3404 alibi

238 3459 362 3548 reperi:
375 3483 391 3519 ιι
401 3456 619 3523 enmusitaton
632 3455 798 3522 theorema
810 3455 998 3546 proficiens,
1011 3469 1073 3521 ete.
1093 3481 1109 3517 ιι
1124 3477 1196 3544 que
1208 3453 1306 3520 verba

238 3596 344 3663 graeca
362 3595 462 3662 quam
477 3570 617 3638 habeant
631 3572 882 3663 proprietatem,
901 3572 1011 3637 nescio
1025 3571 1052 3636 si
1067 3585 1152 3637 reete
1167 3592 1305 3660 accepe-

239 3693 313 3759 rim.
333 3691 373 3756 In
389 3689 504 3758 eodem
522 3689 607 3756 libro
625 3712 696 3780 cap.
715 3714 777 3754 xxv
790 3687 832 3754 ab
847 3712 886 3754 eo
906 3686 980 3755 loco
995 3685 1053 3753 ubi
1070 3687 1303 3776 scriptumest:

242 3837 256 3869 ιι
270 3809 390 3875 Omnis
404 3831 534 3898 quoque
558 3806 660 3872 cubus
676 3807 733 3895 qui
749 3829 787 3871 ex
808 3819 1052 3893 tetragonorum
1078 3801 1247 3893 superficie
1272 3802 1306 3866 in

241 3923 495 4015 profunditatem
509 3924 655 4013 corporis
676 3922 817 4001 erevit»,
834 3943 936 4010 usque
957 3919 999 3986 ad
1015 3943 1110 3986 eum:
1129 3947 1144 3981 ιι
1158 3916 1309 4006 Angulos

242 4066 314 4108 vero
332 4067 393 4107 v111
409 4064 551 4131 quorum
568 4038 706 4130 singulis
719 4037 779 4105 sub
798 4037 900 4105 trihus
919 4034 1079 4125 ejusmodi
1100 4036 1305 4115 continetur,

241 4160 350 4249 quales
367 4159 492 4249 priores
511 4157 603 4223 suere
622 4156 782 4245 tetragoni
808 4154 895 4221 unde
923 4152 1025 4219 cubus
1047 4153 1113 4243 ipse
1129 4150 1306 4243 productus

243 4288 284 4340 ast
296 4303 331 4352 ιι,
351 4287 386 4338 ut
405 4269 503 4338 verbo
519 4273 618 4362 ipsius
630 4270 764 4362 loquar,
780 4270 920 4361 liguram
939 4271 986 4335 rei
1003 4266 1129 4335 subtilis
1146 4290 1212 4334 non
1225 4288 1309 4336 asse·

246 4417 343 4482 quor,
366 4408 397 4458 et
417 4406 452 4458 ut
469 4417 526 4482 por
543 4415 598 4457 ros
622 4392 692 4479 ejus
716 4389 914 4459 intellectum
940 4391 1083 4481 capiam,
1104 4390 1311 4456 vehementer
