3090 5302
438 504 493 562 182
664 499 848 560 HISTORIA
868 499 1181 576 Tutusmtottts,
1202 520 1264 561 nc.

429 620 656 720 jussi.lgitur
668 617 1387 721 deAquisgrsnipalatioprolecti-nam
1399 618 1501 697 ibieo

436 754 598 836 tempore
611 737 807 836 imperator
816 763 899 810 cum
908 762 974 811 suo
984 737 1160 809 comitatu
1171 736 1500 839 erat-Augustam

434 854 666 928 Suessionum
694 869 889 944 venerunt3
925 852 1047 955 ibique
1071 881 1155 927 cum
1181 854 1357 931 Hildoino
1374 855 1502 933 abbate

434 973 471 1046 in
489 973 711 1047 monasterio
734 974 773 1046 S.
798 971 957 1048 Medardi
981 972 1093 1048 locuti
1119 988 1229 1060 sunt,
1253 974 1339 1075 quia
1363 1002 1502 1053 memo-

432 1102 532 1160 ratus
555 1086 727 1161 diaconus
751 1089 783 1161 ei
807 1087 991 1188 pollicitus
1009 1104 1081 1177 est,
1103 1115 1140 1163 se
1163 1088 1301 1164 efficere
1317 1116 1443 1190 posse,
1462 1108 1501 1163 ut

432 1231 564 1305 corpus
581 1203 675 1280 beati
690 1204 870 1296 Tiburtii,
886 1209 1056 1309 martyris
1064 1262 1076 1297 ,
1089 1210 1127 1281 iu
1136 1211 1213 1308 ejus
1225 1209 1368 1283 veniret
1380 1225 1500 1309 potes·

434 1338 557 1396 tatem.
577 1322 718 1416 Quibus
733 1323 793 1398 ille
806 1322 1108 1424 promissionibus
1125 1324 1284 1414 illectus,
1299 1326 1401 1399 misit
1420 1352 1499 1399 cum

434 1441 484 1514 cis
505 1440 697 1541 quemdam
714 1439 987 1542 presbyterum,
1014 1441 1200 1517 bominem
1218 1443 1412 1532 callidum,
1434 1470 1500 1519 no-

436 1559 534 1632 mine
554 1559 722 1647 llunum,
742 1558 874 1658 jubens
897 1575 940 1632 ut
963 1574 1149 1660 acceptum
1170 1559 1217 1633 ab
1242 1586 1288 1635 eo
1309 1562 1498 1637 memorati

436 1677 607 1777 martyris
624 1702 756 1776 corpus
776 1675 843 1749 sibi
864 1676 1033 1751 deferret.
1049 1676 1136 1752 lnde
1152 1678 1222 1753 iter
1241 1679 1407 1779 ingressi,
1427 1678 1501 1753 tto-

435 1820 545 1881 mam,
559 1808 693 1893 quantu
712 1808 911 1894 potueruut
925 1794 1120 1883 celeritate,
1136 1810 1390 1895 perrexeruut.

483 2043 520 2113 Δ.
548 2040 712 2141 Contigit
727 2055 866 2125 autem,
882 2055 1074 2140 postquam
1098 2037 1235 2111 ltaliam
1254 2038 1498 2125 intraverunt,

435 2172 476 2229 ut
504 2182 593 2256 puer
618 2156 748 2230 notarii
774 2157 863 2245 mei,
887 2157 1036 2231 nomine
1057 2154 1321 2257 Regiubaldus,
1350 2155 1500 2230 tertiam

435 2272 537 2348 febre
563 2290 771 2374 correptus,
801 2300 876 2349 non
910 2274 1094 2348 modicum
1128 2273 1349 2373 profectioni
1376 2299 1500 2347 eorum

435 2391 506 2464 suis
533 2388 718 2465 laboribus
740 2390 873 2465 laceret
894 2390 1218 2491 impedimentum
1243 2395 1422 2491 quoniam
1448 2388 1500 2461 bis

436 2506 688 2611 boris,quibus
700 2508 761 2584 ille
772 2508 932 2585 febrium
944 2507 1091 2583 restibus
1100 2506 1305 2592 tenebatur,
1321 2507 1501 2609 iteragert

437 2651 512 2702 nou
528 2641 742 2726 potuerunt.
756 2629 870 2701 Erant
878 2626 977 2700 em'm
987 2625 1112 2726 pauci,
1125 2651 1167 2699 sc
1184 2651 1249 2725 per
1259 2620 1331 2699 boc
1343 2621 1394 2697 ab
1407 2622 1500 2697 iuui-

434 2771 513 2819 cem
527 2745 681 2844 separari
704 2741 891 2817 nolebant.
906 2738 1153 2842 Cumqueboc
1177 2736 1414 2815 incommodo
1437 2740 1502 2813 iter

435 2861 582 2936 illorum
596 2884 672 2933 non
686 2859 917 2934 mediocriter
929 2858 1056 2933 fuisset
1068 2855 1306 2961 retardatum,
1315 2854 1370 2929 illi
1384 2870 1500 2931 umen

433 2994 545 3080 prout
565 2993 736 3078 poterant
752 2976 842 3049 illud
863 2976 1059 3051 accelerare
1074 2973 1365 3063 contenderent,
1384 2970 1499 3047 tribus

431 3093 558 3171 diebus
570 3094 778 3194 priusquam
790 3092 834 3165 ad
848 3092 984 3169 Urbem
997 3094 1177 3181 venirent,
1193 3091 1364 3192 apparuit
1377 3090 1499 3165 inrisu

434 3213 487 3287 illi
504 3208 726 3285 febricitanti
737 3209 885 3311 quidam
900 3210 1010 3284 homo
1034 3211 1071 3285 in
1090 3208 1217 3283 habitu
1242 3208 1409 3299 diaconi,
1424 3235 1500 3309 per·

433 3329 583 3430 quirens
596 3323 642 3399 ab
658 3352 702 3401 eo
716 3354 825 3428 quam
838 3326 889 3401 ob
900 3353 980 3401 rem
991 3326 1160 3401 dominus
1177 3352 1263 3401 suus
1277 3327 1433 3401 Romam
1451 3326 1500 3399 ire

434 3442 644 3521 festinaret?
655 3445 720 3517 Cui
734 3470 818 3517 eum
829 3445 888 3520 ille
897 3463 936 3518 et
947 3444 1271 3545 promissadiaooni
1283 3444 1331 3518 de
1344 3442 1502 3547 reliquis

435 3579 643 3638 sanctorum
666 3563 755 3636 mihi
783 3563 992 3653 mittendis,
1014 3578 1051 3637 et
1074 3562 1118 3636 de
1144 3560 1198 3637 bis
1220 3586 1305 3662 quae
1330 3558 1501 3637 Hildoiuo

434 3679 556 3755 abbati
568 3679 751 3780 pollicitus
764 3696 836 3767 est,
855 3696 966 3780 prout
980 3679 1030 3753 illi
1049 3694 1379 3778 comportarunt,
1397 3701 1499 3779 expo

435 3816 550 3875 neret.
560 3844 609 3855 -
621 3797 733 3873 «Non
749 3799 795 3870 ita
806 3800 895 3886 erit,
910 3798 1043 3900 inquit,
1057 3795 1119 3873 sed
1136 3796 1243 3897 longe
1255 3795 1384 3886 aliter,
1396 3820 1498 3899 quan

432 3916 726 4001 vosexistimatis,
738 3941 940 4004 causarum,
954 3930 1202 4016 propterquas
1211 3913 1378 4002 venistis,
1389 3912 1497 3989 exitus

431 4035 701 4136 adimplebitur.
734 4034 825 4106 Nam
849 4031 1022 4105 diaconus
1052 4032 1138 4117 iste,
1164 4032 1227 4131 qui
1259 4056 1322 4105 vos
1351 4030 1495 4105 nomm

432 4156 554 4226 venire
571 4154 728 4253 rogavit,
742 4167 961 4251 autpertum,
975 4166 1040 4223 aut
1055 4147 1146 4223 nibil
1160 4146 1205 4223 de
1216 4146 1389 4248 bis,quue
1402 4142 1494 4223 uobis

428 4272 616 4370 promisit,
642 4269 802 4343 facturus
819 4284 889 4354 esu
909 4295 950 4340 ac
969 4267 1124 4367 proinde
1147 4265 1231 4341 vulo
1249 4264 1410 4365 salutaris
1424 4286 1490 4345 me,
