3090 5302
399 441 439 503 74
719 436 915 501 ulutatum
936 435 1145 504 EPIsTOLAE.

398 560 496 635 nulla
505 557 580 635 dies
592 558 718 647 fuerit,
727 573 922 662 postqum
934 560 980 636 de
988 559 1102 662 Aquis
1116 560 1299 660 promovi,
1309 560 1468 661 quino)

396 677 465 753 bac
489 676 545 751 vel
572 675 631 749 illa
653 675 866 753 infirmitate
888 679 944 778 (ι)
972 674 1187 752 laborarem.
1211 676 1309 750 Sunt
1332 677 1468 778 puriter

400 795 479 871 haec
503 809 540 869 et
563 794 633 869 ulia
657 820 741 896 quae
769 793 859 871 mibi
883 823 929 871 ex
953 795 1018 872 illo
1040 791 1193 883 morbo,
1212 794 1253 868 in
1270 819 1350 897 qno
1373 820 1471 871 anno

399 912 588 1012 preterito
601 912 719 1013 jacui,
738 914 987 1014 contigerant,
1005 910 1125 987 dextri
1140 909 1310 986 videlieet
1322 909 1470 987 femoris

399 1028 597 1104 continuus
614 1044 764 1129 torpor,
778 1055 820 1105 ac
833 1031 968 1131 splenis
981 1055 1074 1130 pene
1091 1025 1333 1103 intolombiiis
1348 1027 1467 1106 dolor.

399 1146 464 1219 His
480 1144 708 1246 passionibus
721 1145 890 1239 affectus,
914 1147 1017 1223 valde
1039 1148 1182 1222 tristem
1198 1171 1240 1219 au
1259 1172 1357 1247 pene
1369 1149 1470 1222 omni

394 1263 622 1363 jucunditate
633 1281 816 1343 carentem
830 1265 925 1343 duro
943 1267 1076 1354 aitsm3
1092 1266 1133 1340 in
1144 1289 1191 1342 eo
1204 1264 1473 1368 meximequod

399 1383 512 1459 timeo
537 1409 597 1459 me
620 1383 733 1459 aliubi
757 1410 867 1485 quam
894 1384 1022 1472 velim,
1041 1398 1079 1457 et
1100 1380 1200 1456 aliud
1224 1383 1280 1482 (ὅ)
1305 1399 1473 1484 egentem

398 1526 508 1602 quam
523 1501 658 1576 sanctis
670 1501 806 1577 Christi
821 1500 1046 1603 Martyribus
1056 1501 1295 1589 servientem,
1309 1524 1387 1573 erse
1396 1524 1473 1573 mo

397 1618 573 1692 riturum.
586 1619 818 1721 Quapropter
827 1619 956 1719 adjuro
968 1643 1033 1694 vos
1042 1632 1081 1693 et
1091 1616 1258 1694 obtestor
1267 1643 1335 1718 per
1349 1614 1473 1692 bom

400 1734 535 1810 Christi
555 1752 729 1835 martyres
745 1735 999 1813 Muculinum
1010 1751 1048 1810 et
1063 1735 1236 1827 Petrum,
1251 1748 1296 1809 ut
1308 1759 1472 1834 momen

399 1851 576 1950 parvitate
589 1853 684 1952 apud
696 1853 899 1954 piissimum
916 1853 1171 1954 imperatorem
1187 1850 1414 1929 inmotae
1421 1850 1474 1924 di·

397 1968 579 2070 gurmini,
608 1983 649 2044 ut
676 1997 754 2046 non
781 1970 872 2045 mihi
901 1996 1111 2047 suscensere
1136 1971 1193 2070 (4)
1217 1967 1306 2043 velit
1335 1993 1407 2069 pro
1428 1993 1473 2044 oo

398 2087 500 2188 quod
527 2087 602 2178 ilti,
621 2090 716 2163 sicut
740 2088 777 2164 bi
800 2091 864 2193 qui
893 2105 1116 2191 potuerunt,
1143 2090 1182 2162 in
1203 2112 1403 2164 occuram
1420 2088 1473 2186 (5)

399 2231 476 2281 ιιοιι
492 2208 681 2284 venissem.
695 2209 832 2314 Utique
840 2226 938 2283 certe
950 2210 1006 2306 (6)
1021 2206 1242 2283 venissemsi
1258 2206 1472 2306 pomioeem,

399 2338 436 2397 et
456 2327 598 2401 veniam
615 2353 699 2399 cum
720 2328 883 2428 primum
899 2343 1074 2426 potuero;
1094 2341 1132 2400 et
1146 2325 1223 2399 sive
1235 2321 1385 2414 absens,
1402 2323 1475 2399 sive

399 2468 577 2541 praesens,
596 2442 711 2517 fidelis
731 2445 763 2517 ei
786 2443 1022 2544 permanebo.
1048 2446 1184 2516 Precor
1207 2441 1322 2542 igitur
1345 2441 1475 2514 earin-

400 2574 475 2632 tem
491 2577 647 2634 vestrum
669 2577 731 2650 ut,
754 2577 830 2634 tum
846 2560 892 2634 de
910 2561 999 2633 actis
1015 2561 1072 2661 (7)
1091 2582 1201 2662 quam
1216 2558 1364 2659 agendis
1379 2556 1475 2658 apud

399 2700 464 2749 vos
476 2674 599 2765 rebus,
616 2701 684 2777 per
700 2677 840 2750 litteras
855 2691 989 2751 vestras
1000 2702 1074 2768 me,
1086 2688 1227 2777 quanto
1241 2672 1394 2748 celerius
1405 2698 1476 2775 po-

400 2792 566 2881 tueritis,
592 2810 735 2867 certum
757 2791 875 2869 facere
902 2790 1117 2897 dignemini.
1146 2791 1245 2893 Opto
1269 2805 1312 2865 nt
1333 2814 1476 2890 semper

398 2905 492 2983 bene
510 2909 655 2984 valeatis
672 2910 710 2984 in
725 2909 901 2986 Domino.
989 2904 992 2911 ¹

447 3024 577 3100 Omnia
591 3051 674 3126 quae
690 3051 791 3100 nunc
812 3026 850 3099 in
870 3025 940 3102 hoc
956 3052 1071 3132 regno
1086 3039 1285 3131 geruntur,
1306 3021 1475 3099 revehu-

399 3137 496 3212 tibus
515 3139 649 3214 Christi
668 3141 891 3240 Martyribus
906 3158 991 3219 ante
1006 3140 1219 3231 biennium,
1237 3138 1363 3214 futura
1378 3166 1476 3243 pre·-

398 3255 492 3331 dicta
508 3260 566 3359 (8)
581 3274 682 3334 sunt.

433 3591 473 3661 (ι)
490 3589 564 3646 Cod.
575 3594 675 3664 quiin.

432 3683 473 3753 (a)
490 3679 561 3739 cod
575 3681 838 3756 a’llamfirmitatem.

433 3769 473 3844 (3)
490 3770 563 3828 cod.
575 3772 657 3828 stus.

432 3860 473 3932 (4)
490 3856 562 3915 Cod.
579 3880 752 3917 suscensere.

435 3950 476 4022 (5)
494 3950 567 4008 Cod.
581 3955 611 4007 iu
625 3952 676 4009 bor
690 3973 812 4010 cursum.

433 4040 473 4112 (6)
490 4041 540 4097 He
553 4042 614 4098 due
626 4062 706 4099 voees
717 4046 746 4099 in
760 4043 828 4099 edit.
843 4043 1048 4099 desiderantur.

431 4133 473 4206 (7)
491 4132 563 4188 Cod.
575 4133 685 4189 ᾰιιιειιζι.

434 4222 472 4292 (8)
490 4221 560 4279 cod.
578 4224 714 4296 praedicti.
