3090 5302
394 399 448 456 178
614 391 795 452 Htstotttt
819 393 843 450 Τ
846 391 1136 467 RANSlnl'l'lONIS,
1160 415 1220 455 erc.

391 535 593 608 intentione
613 533 821 630 compositi,
839 532 981 606 cosdem
1000 533 1121 620 edere,
1143 560 1182 604 uc
1199 533 1261 604 Dei
1280 532 1454 604 amatori-

390 652 456 722 bus
470 651 511 722 ml
530 648 721 750 legendum
736 650 867 722 ollerre
880 649 1033 722 decrevi.
1055 647 1224 722 Arbitror
1241 650 1338 721 euim
1354 648 1453 750 quod

392 769 567 869 hocopus
591 792 668 839 nou
688 766 806 839 solum
831 767 936 839 inune
955 793 995 840 ac
1019 792 1279 867 supervacuum
1305 764 1452 838 cuilibet

391 886 549 959 fidelium
561 884 672 958 videri
687 911 762 959 uon
778 882 922 972 debeat,
944 884 1125 958 sedetiam
1143 882 1327 959 fructuose
1346 902 1454 984 utque

390 1003 529 1075 utiliter
545 1028 603 1075 me
619 1000 796 1077 laborasse
812 1028 1011 1101 praesumo,
1026 1002 1053 1074 si
1071 1002 1207 1076 efficere
1221 1017 1400 1101 potuero,
1416 1019 1454 1074 ut

392 1122 427 1190 in
445 1119 583 1191 laudem
599 1121 652 1189 sui
666 1120 875 1192 Conditoris
888 1121 1027 1191 unimus
1043 1119 1101 1194 illa
1119 1120 1266 1217 legentis
1279 1136 1450 1219 assurgat.

835 1619 961 1681 CAPUT
984 1622 1010 1680 l.

452 1779 526 1833 utut
539 1778 575 1833 ab
589 1776 730 1832 Einhardo
742 1774 859 1831 llomam
872 1774 906 1830 ad
919 1776 1106 1849 procurandae
1118 1774 1257 1852 reliquiae.
1274 1776 1405 1834 Obteutoe

691 1876 850 1921 tunctorum
864 1865 1017 1921 Marcellini
1029 1877 1058 1922 et
1071 1867 1158 1922 Petri.

435 2033 472 2102 2.
500 2025 591 2099 Cum
608 2023 724 2097 adhuc
747 2024 783 2097 iu
808 2022 940 2123 palatio
956 2023 1114 2122 positus,
1131 2052 1171 2097 uc
1186 2028 1339 2127 negotiis
1352 2054 1455 2102 secu·

388 2142 522 2218 laribus
535 2156 744 2240 occupatus,
755 2139 887 2227 otium,
899 2166 973 2240 quo
985 2139 1179 2241 aliquando
1188 2141 1325 2241 perfrui
1336 2143 1456 2243 cupie-

386 2262 491 2348 bam,
524 2255 739 2333 multimoda
766 2258 985 2357 cogitatione
1014 2256 1228 2350 meditarer,
1264 2262 1455 2362 quemdam

388 2382 509 2455 locum
539 2390 718 2451 secretum
745 2390 853 2476 atque
882 2402 900 2446 a
931 2375 1095 2476 populari
1128 2377 1330 2479 frequentia
1356 2378 1457 2453 vnlde

388 2511 569 2570 remotum
594 2507 739 2580 nactus,
761 2508 869 2593 atque
887 2492 1001 2581 illius,
1019 2496 1075 2566 cui
1096 2508 1182 2567 tunc
1197 2496 1454 2585 militaveram,

385 2607 1458 2713 principisllludowiciliberalitateconsecutusaumlelocua

389 2746 442 2804 eet
459 2730 495 2802 iu
507 2728 599 2802 saltu
611 2725 835 2814 Germaniae,
849 2725 911 2826 qui
930 2726 1026 2800 inter
1038 2727 1236 2803 Neocarum
1249 2746 1286 2804 et
1295 2733 1456 2807 Mutuum

387 2848 517 2925 lluvios
530 2844 668 2920 medius
689 2846 895 2944 interjacet,
912 2872 952 2917 ac
965 2846 1142 2923 moderno
1160 2865 1323 2951 tempore
1338 2850 1386 2926 ab
1399 2853 1458 2926 in·

389 2966 477 3042 colis
500 2979 538 3038 et
561 2960 932 3036 circummanentibus
951 2962 1147 3040 Odaurruld
1172 2968 1388 3069 appelletur.
1415 2970 1456 3045 lu

387 3108 463 3184 quo
488 3106 571 3154 cum
582 3133 593 3168 ,
614 3105 683 3181 pro
702 3077 812 3152 modo
839 3077 1052 3153 facultatum
1070 3108 1110 3157 ac
1126 3101 1356 3186 sumptuum,
1383 3112 1457 3163 nou

389 3198 506 3275 solum
515 3195 643 3270 domos
652 3210 688 3268 et
700 3193 901 3268 habitacula
911 3196 954 3269 ad
965 3200 1199 3291 manendum,
1212 3207 1457 3282 verumetiam

388 3313 589 3401 basilicam,
607 3311 740 3385 divinis
754 3313 877 3386 officiis
891 3312 1061 3388 faciendis
1077 3334 1363 3421 congruentem,
1383 3349 1455 3400 nou

390 3431 551 3507 indecori
568 3429 687 3530 operis
703 3430 950 3522 aedilicassem,
970 3433 1135 3510 dubitare
1152 3439 1271 3539 coepi,
1291 3439 1329 3513 in
1357 3446 1457 3541 cujtu

390 3549 617 3652 potissimum
635 3547 748 3621 sancti
766 3548 821 3621 rel
839 3553 1012 3653 martyris
1030 3554 1179 3629 nomine
1194 3569 1303 3657 atque
1319 3556 1457 3635 bonore

390 3667 545 3743 dedicari
571 3663 731 3738 deberet.
757 3667 920 3769 Cumque
945 3671 982 3743 in
1001 3670 1065 3744 bac
1090 3673 1199 3747 animi
1222 3672 1456 3754 fluctuatione

390 3786 590 3888 plurimum
602 3784 773 3883 temporis
780 3802 871 3858 esset
881 3787 1080 3876 evolutum,
1093 3791 1246 3893 contigit
1259 3808 1300 3865 ut
1313 3795 1454 3896 quidum

390 3906 563 3979 diaconus
583 3904 756 3976 llomunae
777 3903 965 3994 Ecclesiae,
992 3909 1141 3982 nomine
1164 3910 1375 4009 deusdona,
1389 3936 1454 4017 pru

392 4025 464 4096 cuia
479 4019 748 4095 necessitatibus
767 4022 859 4121 regis
873 4047 979 4123 opem
996 4026 1275 4125 imploraturus,
1293 4028 1339 4105 ad
1361 4030 1453 4135 pula-

396 4138 487 4210 tinm
497 4138 647 4212 reniret.
662 4135 785 4239 lbique
798 4138 1006 4238 aliquandiu
1015 4161 1190 4239 muratus,
1203 4164 1451 4249 cumpca-actu
