3090 5302
233 410 293 468 262
461 406 646 469 Bistonia
666 408 983 485 Tltattstattonls,
1005 430 1067 473 nc.

235 524 470 599 trementibus
491 526 661 602 membris
672 584 683 617 ,
707 527 908 631 baculoque
927 530 1067 617 nitens,
1097 526 1289 603 titubantia

235 643 379 742 vestigia
403 668 497 742 segre
510 642 749 745 gubernabat.
765 646 930 746 Cumque
946 670 983 719 se
993 648 1095 745 juxta
1122 646 1292 746 parietem

233 759 278 832 ad
286 759 463 834 orandum
472 761 680 851 inclinaret,
698 765 836 865 ingenti
849 769 1087 853 vocecmissa,
1101 764 1292 864 sepontino

233 904 314 951 casu
323 903 477 953 cernuus
488 881 583 968 nnit3
596 907 638 953 ac
647 906 753 981 parva
764 883 938 981 temporis
949 906 1049 957 mona
1064 881 1291 981 interposita,

232 993 278 1066 ab
301 1022 344 1070 eo
360 1022 436 1099 quo
454 997 644 1073 tenebatur
664 1000 898 1075 incommodo
916 1025 1023 1073 sanus
1042 1000 1216 1074 surrexit.
1242 1000 1291 1085 is,

234 1137 318 1185 cum
331 1112 437 1188 als'eo
452 1141 696 1216 quaereremus
714 1118 742 1190 si
757 1117 854 1190 alind
871 1118 1026 1218 aliquid,
1045 1131 1181 1218 proeter
1196 1115 1293 1217 qnod

232 1254 301 1305 nos
328 1255 453 1306 omncs
476 1232 598 1307 videre
626 1235 828 1333 potuimus,
860 1231 928 1306 sibi
957 1236 1075 1307 visum
1102 1232 1229 1307 suisset
1255 1258 1292 1307 ea

233 1344 339 1435 hora,
371 1372 440 1449 qua
467 1347 615 1423 salutem
642 1367 696 1423 est
726 1366 961 1436 consecutus,
984 1349 1097 1435 dixit,
1128 1374 1166 1423 se
1187 1348 1293 1448 panio

232 1477 317 1537 ante
334 1488 442 1563 quam
464 1463 645 1539 basilicam
676 1465 799 1539 suisset
824 1468 1023 1568 ingressus,
1047 1463 1091 1538 ad
1111 1464 1293 1540 ecclesiam

232 1597 542 1684 veterem-quse
555 1583 779 1660 occidentem
795 1610 916 1660 versus
930 1608 951 1657 s
963 1608 1056 1659 nova
1067 1580 1234 1671 basilica,
1257 1586 1292 1659 in

232 1701 486 1804 quaMartyses
496 1719 584 1774 tunc
593 1701 836 1804 quiescebant,
844 1702 1079 1803 panvnspatin
1090 1700 1293 1777 distabat-

232 1821 358 1896 orandi
374 1821 487 1920 gnatia
498 1820 654 1908 venisse,
667 1835 705 1895 et
717 1846 801 1894 cum
813 1845 891 1894 eam
906 1821 1060 1894 clansam
1072 1820 1291 1910 offendisset,

232 1963 303 2038 pm
324 1935 466 2012 foribus
488 1963 619 2012 orasse.
648 1937 784 2013 Deinde
808 1962 892 2011 cum
912 1962 949 2011 se
975 1938 1165 2027 erexisset,
1194 1936 1293 2013 etad

232 2054 416 2130 ecclesiam
440 2055 493 2128 irc
522 2055 709 2154 coepisset,
737 2055 865 2130 vidisse
886 2052 1078 2157 quemdam
1101 2054 1291 2143 clesicnm,

235 2171 433 2247 venenanda
445 2172 597 2260 canitie,
612 2172 703 2246 stola
718 2168 798 2244 alba
817 2172 1007 2263 indutum,
1025 2196 1071 2247 en
1082 2196 1160 2275 quo
1171 2172 1294 2272 etipse

236 2293 289 2364 irc
312 2286 456 2364 volebat
470 2314 507 2362 se
524 2286 800 2390 precedentem.
826 2288 964 2383 Quem,
991 2305 1033 2361 ut
1050 2290 1126 2389 ipse
1146 2288 1291 2377 asses-it,

235 2422 377 2484 secutus
391 2420 445 2482 est
464 2404 636 2505 usquead
653 2406 787 2479 ostium
802 2406 972 2481 basilicas.
990 2406 1073 2500 Qun
1090 2430 1177 2479 enm
1188 2403 1294 2483 umbo

235 2526 436 2613 venissent,
457 2524 486 2596 is
501 2523 565 2624 qui
587 2521 812 2623 psaecedebut
828 2520 1012 2611 substitit,
1030 2522 1180 2597 sinistro
1200 2522 1292 2622 posti

235 2672 271 2719 se
295 2642 496 2744 applicans,
514 2641 614 2743 qussi
631 2639 739 2716 vellet
765 2655 810 2713 ut
833 2640 894 2715 itte
911 2642 1009 2740 prins
1025 2638 1291 2741 ingmdmtur,

233 2788 344 2866 quem
369 2761 444 2860 ipsc
463 2757 571 2860 paulo
586 2775 670 2833 ante
691 2775 946 2859 praecesserat:
971 2757 1232 2859 cunctantique
1253 2773 1293 2829 nt

236 2897 319 2956 ante
342 2907 379 2955 se
407 2880 581 2963 intmret,
599 2877 794 2952 annuendo
811 2876 1014 2977 imperavit.
1037 2876 1108 2971 Qui
1127 2900 1214 2949 cnm
1233 2875 1290 2947 in·

234 3014 360 3074 trasset
376 3014 413 3073 et
428 2996 472 3070 ad
488 2994 665 3072 orandum
682 3022 719 3070 se
731 2995 948 3083 inclinasset,
963 3011 1046 3095 post
1058 3010 1202 3096 tergum
1218 2994 1291 3091 ejus

234 3116 346 3202 stetit,
366 3128 502 3187 etcum
518 3136 641 3211 pugno
656 3113 694 3184 in
706 3112 883 3187 cervicem
895 3111 1069 3211 percussit
1084 3126 1194 3213 atque
1210 3130 1292 3209 pnn-

236 3230 387 3315 stravit,
420 3242 457 3301 et
481 3226 672 3302 confestim
705 3229 863 3302 evanuit.
898 3228 1015 3322 Quem
1042 3243 1163 3302 tamen
1185 3248 1291 3299 nemo

236 3346 347 3433 alius,
364 3343 432 3419 nisi
445 3341 543 3414 solus
556 3340 615 3416 iiie
628 3345 690 3445 qui
711 3359 852 3417 sanatus
865 3359 931 3433 est,
948 3344 1069 3419 videre
1083 3340 1219 3445 potuit.

282 3930 343 4000 tt.
370 3920 446 3998 Sub
473 3920 565 3995 idem
594 3919 669 3993 ferc
699 3934 861 4016 tempus,
896 3940 979 3989 cum
1008 3911 1162 4015 quadam
1188 3928 1288 3990 nnete

233 4060 433 4146 surgentes,
444 4041 487 4114 sd
501 4040 683 4115 ecclesiam
696 4038 845 4125 iremus,
863 4034 1065 4109 invenimus
1078 4030 1288 4134 proforibus

233 4162 389 4237 ecciesiae
400 4159 591 4261 quemdam
606 4182 771 4257 puerum,
785 4156 823 4227 in
838 4154 982 4255 porticu
990 4155 1170 4253 jacentem
1178 4204 1191 4243 ,
1205 4150 1287 4227 aden
