3090 5302
240 447 280 515 58
561 449 758 514 ltttttttnot
779 449 987 513 selom.

238 596 306 672 per
317 584 569 670 contemptum
579 568 910 645 etinobedientism
921 570 1139 670 ceritstc(s)
1150 570 1313 671 deputem

239 686 440 780 discordis,
459 712 542 789 qnoe
560 713 750 789 nunqusm
770 690 868 763 inter
887 712 952 763 vos
974 686 1030 763 vei
1047 688 1233 762 nominari
1248 685 1316 764 de·

239 804 322 881 hait
331 856 344 898 ,
364 807 404 882 in
421 821 565 880 tentum
586 821 788 896 excrescet,
811 822 872 895 ut,
896 806 995 880 iuter
1012 828 1105 907 quos
1120 830 1227 880 amor
1242 831 1316 882 usse

238 921 383 1012 debuit,
398 921 525 996 odium
538 936 725 997 enascatur
744 953 754 995 z
772 919 872 1024 quod
888 947 935 997 ne
948 922 1069 998 veniit
1085 946 1315 1022 summopere

239 1039 438 1115 ostendam
453 1057 520 1115 est·
536 1040 655 1117 Credo
668 1041 766 1115 euim
779 1037 1012 1140 prudentiam
1025 1052 1182 1114 vestram
1194 1038 1316 1113 minus

239 1154 369 1247 lutere,
395 1171 530 1258 quantu
553 1154 855 1254 abomination)
880 1156 929 1231 sit
953 1153 1051 1257 apud
1074 1153 1193 1230 osam
1220 1151 1316 1229 filias

238 1289 436 1350 consumas
454 1291 491 1349 et
508 1273 720 1376 parentibus
740 1271 975 1366 inobediens,
993 1299 1079 1347 cum
1095 1289 1182 1348 oum
1196 1272 1313 1363 lictu,

237 1392 331 1464 siout
346 1391 385 1466 in
402 1391 691 1468 Deuteronomio
708 1392 826 1494 legere
839 1393 1013 1492 potestis,
1027 1417 1093 1492 per
1105 1391 1259 1490 Moysen
1270 1387 1316 1464 sb

238 1511 341 1586 omni
356 1511 496 1612 populo
507 1511 656 1615 lepidsri
672 1512 860 1613 praecspit.
874 1510 1108 1611 Quapropter
1120 1509 1316 1585 admoneo·

238 1625 326 1700 dnm
344 1629 466 1701 consui
483 1629 654 1728 pictatem
672 1630 726 1726 (ὅ)
742 1643 897 1702 vestrum
918 1643 980 1715 ut,
1002 1646 1068 1727 per
1084 1623 1315 1726 pntdeutism

243 1778 386 1794 Q

273 1853 313 1926 (s)
331 1853 403 1910 Cod.
417 1857 563 1910 caritatem
567 1895 634 1909 ......
648 1857 784 1910 mntinat.

273 1944 313 2017 (α)
332 1943 583 2001 cod-abmrnatio.

275 2024 315 2106 (3)
333 2034 441 2091 Omnes
455 2025 578 2091 editores
591 2035 639 2090 htc
652 2030 766 2108 tegant,
780 2042 845 2090 cuns
856 2033 966 2104 codice,
981 2036 1158 2108 neptitatem,
1172 2032 1314 2091 stetisse

238 2138 306 2180 voce
319 2125 491 2199 precipuum
500 2123 610 2181 ducunt
618 2136 819 2199 trgumeotnm
829 2125 880 2200 qni
894 2126 1023 2192 immam,
1039 2123 1177 2181 Finhsrdi
1186 2138 1313 2193 uxorem,

239 2213 333 2272 caroli
347 2215 442 2289 Magni
455 2214 557 2284 tilium,
576 2215 696 2290 ideoque
712 2214 835 2270 Lotharii
853 2215 968 2271 amitam
980 2215 1065 2272 inisse
1076 2215 1273 2285 contendunt,
1286 2225 1315 2271 et

238 2323 271 2360 es
284 2304 394 2361 rstioue
414 2298 578 2361 [otharium
593 2306 703 2380 nepotis
722 2306 805 2362 titulo
822 2306 856 2361 ab
876 2306 1020 2362 Einhardo
1039 2317 1115 2363 recte
1132 2305 1313 2382 appeliatum.

240 2392 334 2471 lange
353 2396 435 2454 sliam
455 2393 626 2454 difficultatis
639 2397 836 2453 enodationem
850 2397 965 2453 exhibet
976 2397 1153 2453 doctissimus
1166 2396 1252 2453 sbbss
1263 2398 1314 2454 ia*

239 2487 425 2560 beni(⁸)durn
436 2507 488 2564 per
499 2493 664 2562 neptitatem
679 2488 811 2562 intelligit
822 2490 1058 2562 principalitatem
1071 2505 1121 2544 seu
1131 2491 1314 2561 praecipuita-

239 2586 302 2647 tem,
312 2595 397 2653 quem
409 2596 505 2634 rocem
514 2578 653 2635 deducito
663 2578 807 2635 teutonico
819 2587 914 2652 nempt
925 2578 967 2634 sei
977 2588 1045 2653 nept
1052 2577 1135 2634 idest
1140 2580 1311 2651 pmipasss.

238 2667 297 2724 Nos
308 2688 388 2739 sero,
398 2688 430 2725 re
441 2680 547 2726 attente
556 2687 706 2744 perpensa,
721 2668 851 2725 leibnitii
860 2679 890 2724 et
898 2667 1020 2724 Fabricii
1029 2667 1198 2724 seutentiam
1207 2666 1313 2736 secuti,

238 2748 403 2831 conjicimus
419 2746 492 2814 lianc
505 2777 599 2815 vocem
612 2762 792 2832 neptitatem,
805 2757 902 2831 cujus,
918 2775 968 2813 nec
981 2752 1057 2831 apud
1070 2752 1249 2812 Einhssdum
1263 2774 1314 2812 aec

236 2845 311 2922 apud
324 2859 436 2905 eeteros
453 2848 573 2922 mineris
585 2845 672 2904 atatis
687 2850 851 2923 scriptores,
870 2846 989 2903 sitorum
1000 2846 1160 2922 exemptum
1174 2847 1313 2921 reperies,

236 2938 314 2992 omni
325 2950 407 2992 sensu
415 2936 962 3011 destitutsmetessoriptorisotcitstioui
969 2934 1312 3010 phueesmnbuesdsm,

237 3025 286 3100 qui
305 3044 339 3080 ea
357 3025 448 3081 serbis
460 3044 479 3080 a
497 3045 541 3080 me
551 3028 683 3098 pietatem
702 3024 744 3079 vel
763 3045 826 3099 nep.
846 3028 980 3098 pietatem
992 3026 1003 3097 (
1010 3042 1076 3080 voce
1094 3042 1185 3100 neque
1197 3024 1229 3081 iu
1241 3024 1315 3081 lines

237 3113 364 3186 proxime
376 3112 503 3187 sequenti
517 3117 646 3185 sumpts)
662 3111 733 3167 maie
742 3112 771 3166 in
785 3131 873 3168 unum
884 3108 1014 3168 adunatis
1025 3130 1087 3168 eam
1099 3109 1239 3168 conflavit.
1247 3110 1315 3185 Eut

237 3202 313 3257 euim
323 3202 437 3257 inscitie
444 3216 501 3257 non
509 3200 599 3256 sotum
607 3199 985 3278 precedentesetsequentes
992 3201 1124 3277 epistole,
1132 3201 1313 3277 sedhneipn

235 3293 320 3347 edem
330 3291 367 3346 de
378 3309 435 3366 qua
446 3292 565 3366 agimus,
575 3291 696 3365 piurima
710 3293 861 3367 perhibent
873 3293 1009 3368 exempla,
1021 3310 1084 3368 qn·
1092 3291 1191 3351 sednio
1202 3313 1219 3350 s
1229 3293 1313 3351 sunu

237 3380 456 3438 notstaiuerunt
468 3391 521 3436 eta
529 3381 656 3455 pristinis
668 3381 833 3452 editoribus,
848 3383 953 3459 absque
967 3382 1023 3438 utta
1033 3380 1205 3451 difficultate,
1220 3401 1314 3439 emen·

237 3470 310 3527 data.
326 3469 571 3542 Quemadmodum
582 3471 757 3529 indecentius
776 3474 870 3547 potius
884 3493 969 3550 quens
983 3472 1168 3543 antemnam,
1184 3483 1312 3549 utquam

237 3566 278 3631 tit,
293 3561 465 3618 abominatio
486 3572 570 3637 quam
590 3560 756 3633 ndmmatrb,
776 3564 904 3622 doctores
923 3582 1009 3640 quem
1022 3572 1149 3634 tortores,
1161 3574 1228 3634 etc,
1243 3570 1310 3633 eto,

236 3670 333 3710 omnes
343 3654 435 3728 tegere
443 3652 612 3722 maluerunt,
623 3655 789 3712 sicetnobis
797 3656 890 3729 tegere
899 3656 1000 3730 pisces,
1010 3673 1068 3712 non
1077 3659 1242 3730 neptitatem
1250 3672 1311 3713 ter·

236 3743 303 3798 bum
318 3762 432 3819 prossus
448 3742 605 3812 insolitum,
619 3745 667 3800 scd
685 3749 818 3819 pietatem
832 3764 927 3802 rocem
941 3746 1088 3820 sepissime
1101 3745 1136 3801 ab
1149 3744 1309 3812 Einhssdo‚

236 3834 352 3910 aliisque
361 3833 486 3906 ejusdem
499 3836 585 3889 atatis
595 3835 787 3908 scriptoribus,
798 3846 969 3910 usurpatam.
981 3836 1022 3891 De
1034 3835 1215 3892 mentastro
1227 3850 1311 3911 sega·

236 3926 347 3995 meotis,
360 3924 397 3981 sd
408 3925 583 4001 propositum
595 3936 723 3982 nostrum
736 3925 968 3996 confirmandum,
975 3944 1010 3983 es
1022 3928 1081 4000 ipss
1090 3924 1214 4001 epistol·
1222 3926 1312 3984 mama

236 4010 417 4083 deducendis,
431 4012 494 4070 ride
506 4024 603 4071 contre
617 4025 712 4071 uotam
725 4015 862 4089 gallicam.

266 4159 300 4224 Γ)
317 4163 342 4208 io
352 4163 518 4212 dissertttiotte
530 4179 582 4226 quse
597 4178 658 4210 suso
676 4170 738 4227 rpto
752 4164 873 4226 prassinus
890 4163 922 4210 sis
939 4161 1063 4211 teudonis
1075 4160 1237 4209 misni
1249 4172 1309 4226 po-

232 4249 334 4310 positam
346 4247 406 4294 tatis.
