3090 5302
232 428 291 493 406
521 431 738 495 RHYTHMUS
760 432 812 493 DE
834 432 1010 493 PASSlONl]

233 562 380 648 (luraque
396 575 476 627 esset
491 561 548 628 illo
569 581 719 644 ventum,
741 588 834 631 verus
848 566 909 630 Dei
924 565 1074 633 nuntius.

233 676 327 741 Petro
344 677 449 742 statim
465 677 630 759 absoluto,
650 680 840 747 Marcellino
857 681 1019 772 precipit,

235 792 276 857 Ut
291 814 324 857 se
339 791 435 857 ambo
454 796 686 886 praecedentem
700 810 911 887 sequerentur
926 796 1058 887 pariter.

234 906 343 991 Quem
361 926 528 1000 sequentes
543 912 744 980 intraverunt
759 911 893 981 domum
906 910 1080 1002 quamdam
1096 907 1227 985 subito,

232 1024 269 1089 In
288 1049 352 1114 qua
368 1041 435 1092 erat
450 1043 665 1118 congregatus
678 1027 881 1095 Christianus
896 1023 1051 1118 populus,

235 1141 303 1231 Qui
320 1166 377 1232 per
394 1145 479 1235 ipsos
494 1144 535 1211 ad
553 1144 695 1211 divinam
710 1142 891 1212 doctrinam
907 1155 1111 1235 pervenerat.

234 1259 320 1322 Tum
337 1262 487 1351 precepit
501 1259 555 1326 ille
570 1262 696 1350 magnis
710 1258 844 1350 angelus
859 1256 1071 1348 martyribus,

235 1373 280 1439 Ut
295 1388 454 1442 catervam
469 1392 698 1466 congregatam
713 1375 907 1443 confirmare
922 1372 1089 1449 studeant,

140 1560 146 1573 ,
233 1492 296 1556 Per
311 1508 438 1582 septena
455 1494 677 1584 proximorum
691 1492 817 1561 dierum
834 1490 1025 1559 volumina:

237 1607 282 1672 Ac
302 1621 369 1674 tum
387 1606 517 1675 demum
534 1610 674 1675 sevienti
688 1632 721 1675 se
736 1624 872 1697 tyranno
887 1603 1069 1697 proferant,

237 1719 479 1812 Ostendantque
495 1746 608 1813 parurn
626 1745 715 1814 posse
730 1721 818 1789 illius
832 1722 1027 1812 potentiam,

237 1838 358 1906 Contra
373 1842 433 1907 Dei
449 1841 645 1908 continentis
659 1855 775 1907 cuncta
790 1837 1037 1931 providentiam.

285 1967 336 2022 tl.
362 1958 448 2022 Turn
466 1957 611 2047 sequenti
629 1956 701 2022 luce
713 1957 809 2045 jussit
820 1952 922 2045 judex
936 1950 1198 2031 crudelissimus,

235 2072 280 2137 Ut
295 2070 432 2137 ministri
452 2070 617 2136 visitarent
633 2068 723 2149 loca,
739 2070 859 2162 quibus
872 2083 1027 2159 martyres

237 2186 372 2253 Clausos
388 2186 483 2253 simul
500 2200 531 2253 et
549 2184 663 2275 ligatos
676 2186 830 2252 custodiri
842 2186 991 2275 jusserat.

236 2302 383 2391 Cumque
399 2299 445 2366 ibi
461 2323 527 2367 non
542 2314 684 2391 repertos
698 2299 871 2373 relerentes
885 2299 1048 2381 dicerent,

235 2416 285 2482 Ire
298 2416 410 2505 jussit,
425 2432 457 2483 et
470 2414 608 2496 adduci,
630 2439 783 2483 unacum
798 2416 985 2497 Arthemio,

235 2533 313 2621 Ejus
327 2556 457 2623 quoque
473 2529 660 2613 mulierem,
677 2546 893 2621 cognomento
910 2530 1089 2600 Candidam
1099 2580 1117 2615 „

235 2651 340 2740 Atque
357 2665 464 2716 natam
480 2648 681 2730 eorumdem,
700 2664 917 2740 nuncupatam
934 2648 1115 2737 Virginem,

234 2769 282 2833 De
296 2791 361 2858 qua
376 2768 489 2833 Petrus
502 2768 659 2836 exorcista
674 2766 853 2833 damonem
869 2764 1050 2857 expulerat,

234 2886 273 2951 Et
288 2900 473 2976 purgatam,
495 2884 564 2973 regi
580 2884 709 2949 Christo
726 2880 891 2950 credulam
907 2879 1102 2948 reddiderat.

235 3003 301 3067 Hos
315 3000 472 3068 adductos
487 2998 541 3066 ille
554 3002 637 3067 truci
653 3001 787 3067 intuitus
799 2999 916 3079 oculo,

233 3119 303 3183 Diis
316 3119 427 3206 jussit,
447 3118 546 3183 immo
563 3119 651 3183 tetris
669 3132 705 3183 ut
721 3116 848 3184 litarent
864 3115 1015 3196 larvulis,

236 3238 339 3324 lltque
355 3257 478 3299 sacram
493 3234 613 3299 Christi
629 3231 726 3299 iidem
741 3232 933 3323 abnegando
951 3231 1149 3322 linquerent.

236 3356 273 3418 Et
293 3376 367 3418 cum
385 3349 471 3417 nolle
487 3350 674 3441 pervidisset
689 3353 844 3442 imperata
856 3348 981 3430 lacere,

233 3470 330 3536 lussit
345 3491 446 3535 saevus
466 3482 501 3533 ut
516 3470 565 3555 (r)
581 3469 706 3557 ingenti
727 3467 881 3535 ruderum
898 3468 1070 3557 congerie,

233 3588 325 3650 More
342 3585 440 3676 pressi
456 3584 646 3662 noxiorum,
664 3598 856 3651 necarentur
871 3584 1002 3675 pariter.

233 3703 302 3793 Qui
318 3724 391 3767 cum
409 3700 507 3765 vincti
524 3698 721 3766 ducerentur
736 3700 821 3765 viam
837 3722 894 3790 per
909 3696 1092 3777 Aureliam,

232 3818 351 3884 Vident
366 3816 461 3883 simul
479 3815 706 3883 Marcellinum
722 3831 819 3906 atque
835 3817 966 3882 Petrum
981 3828 1155 3905 martyres,

231 3934 361 4000 Etcum
380 3934 426 3999 eis
444 3931 578 3999 multam
597 3931 688 3999 valde
707 3931 820 4023 populi
835 3929 1062 4023 frequentiam.

239 4116 415 4125 --——-.—.-
457 4116 513 4121 ---
542 4116 586 4123 ιο-
622 4116 782 4125 --ω---ν

262 4212 300 4279 (ι)
321 4208 394 4265 Edit.
411 4212 438 4261 iu
453 4212 572 4279 urgenti.
