3166 5280
251 444 291 500 ts
573 438 768 502 Etnfltltnt
790 439 996 502 semrom.

250 561 430 649 valemus,
455 563 538 667 quia
563 589 657 662 pene
681 560 774 634 nihil
797 561 880 635 inde
900 562 944 634 ad
966 577 1128 656 nostram
1152 564 1327 636 notitiam

250 677 369 749 scietis
383 677 591 775 pervenire3
609 704 727 778 neque
745 703 812 750 nos
825 674 870 749 de
886 674 941 748 bis
954 703 1172 777 magnopere
1186 680 1325 751 curiosi

250 816 372 863 sumus
384 793 400 890 (
407 792 455 884 ι),
465 790 510 866 de
521 819 681 894 quorum
691 792 900 891 cognitione
912 792 1050 864 nullam
1062 792 1272 880 utilitatem,
1285 811 1327 866 et

249 932 397 1004 parvam
412 908 632 1007 percipimus
648 906 886 1006 voluptatem.
903 906 1079 1007 Optamus
1095 907 1326 980 sanctitatem

249 1037 404 1097 vestram
415 1077 427 1112 ,
446 1040 582 1100 nostrae
601 1022 857 1096 imbecillitatis
874 1051 1094 1114 memorem,
1116 1025 1153 1096 in
1175 1024 1327 1099 Christo

249 1166 391 1239 semper
423 1139 515 1216 bene
545 1142 685 1232 valere,
720 1143 941 1216 sanctissime
969 1161 1006 1216 et
1035 1144 1328 1217 reverentissime

250 1275 364 1356 pater.

439 2081 502 2175 ΧΙ
527 2083 577 2140 ΑΙ)
600 2081 904 2144 HRUOTBERTUM
928 2084 1123 2145 comtum.

301 2241 496 2343 Magnifico
516 2256 552 2314 et
579 2240 783 2315 honorabili
804 2259 913 2343 atque
935 2243 1065 2316 illustri
1087 2245 1167 2319 viro
1188 2245 1328 2318 Hruot·

253 2360 377 2447 berto,
396 2359 557 2460 glorioso
573 2358 720 2446 comiti,
739 2374 913 2434 aeternam
928 2362 965 2433 in
984 2360 1142 2434 Domino
1158 2361 1324 2434 salutem.

252 2480 408 2578 -llogo
418 2475 680 2578 benignitatem
694 2493 848 2551 vestram
862 2492 904 2549 ut
919 2476 1008 2550 mibi
1023 2477 1193 2551 mandare
1204 2477 1329 2577 digne-

254 2594 344 2669 mini
369 2591 460 2694 quid
478 2591 584 2667 vobis
603 2591 740 2692 placeat
763 2609 804 2665 ut
828 2593 883 2692 (a)
904 2594 1016 2667 modo
1035 2593 1113 2667 lieri
1135 2591 1264 2667 debeat
1283 2594 1329 2667 de

253 2737 357 2786 causa
369 2708 564 2799 Alablridi,
577 2707 736 2784 bominis
749 2707 891 2785 nostrii
904 2710 1038 2786 Utrum
1051 2737 1096 2784 ex
1110 2726 1190 2784 toto
1206 2710 1330 2783 dimit·

254 2827 364 2904 tenda
380 2829 450 2917 sit,
469 2853 515 2902 an
538 2826 599 2901 ille
620 2827 736 2901 adbuc
754 2854 898 2928 sperare
913 2827 1042 2904 debeat
1066 2828 1143 2926 [ut]
1165 2828 1209 2901 ad
1226 2854 1328 2900 suam

248 2944 448 3044 justitiam,
465 2970 530 3043 per
546 2959 705 3017 vestrum
724 2945 964 3044 adjutorium,
982 2945 1170 3044 pervenire
1187 2970 1330 3024 merea-

256 3055 342 3132 tur?
359 3058 452 3133 Nam
469 3083 537 3160 ego
561 3075 677 3134 totam
694 3086 854 3149 causam,
874 3074 909 3134 et
928 3059 1085 3160 qualiter
1103 3086 1123 3132 a
1141 3058 1247 3136 vobis
1262 3088 1329 3160 per

256 3199 399 3249 veraces
421 3172 586 3250 homines
607 3177 777 3277 inquisita
791 3192 844 3251 est
855 3229 868 3267 ,
893 3175 1002 3250 sinml
1019 3200 1103 3249 cum
1122 3172 1329 3249 Adalhardo

256 3305 294 3369 et
306 3289 474 3368 (lebuino
487 3293 686 3370 comitibus
700 3295 844 3394 palatii,
859 3292 999 3370 domno
1011 3292 1221 3392 imperatori
1236 3292 1330 3366 indi·

256 3411 334 3483 cavi
349 3440 358 3482 :
376 3426 414 3484 et
427 3410 487 3486 ille
499 3412 804 3513 rosponditmibi,
821 3414 956 3487 mirum
970 3408 1040 3484 sibi
1055 3408 1169 3484 videri
1183 3437 1249 3483 cur
1268 3411 1328 3482 illa

256 3551 357 3601 causa
371 3529 448 3626 jam
468 3527 572 3603 finita
588 3533 640 3628 (ὅ)
658 3556 734 3604 non
750 3529 889 3602 luisset.
912 3525 997 3602 Ideo
1016 3552 1145 3626 precor
1162 3526 1330 3601 dilectio·

255 3669 341 3718 nem
361 3661 516 3719 vestram
542 3662 585 3720 ut
602 3673 702 3722 nunc
720 3649 774 3745 (4)
798 3645 890 3720 mibi
915 3643 1085 3718 mandare
1105 3644 1327 3742 dignemini,

1073 3784 1292 3796 “Qu—...-
1318 3791 1326 3797 .

289 3854 300 3922 (
305 3855 330 3922 ι)
347 3852 418 3908 eod.
431 3857 644 3910 curiosissimus.

289 3944 330 4016 la)
348 3943 394 3999 sic
407 3943 504 4001 codex.
520 3945 597 4001 Editi
606 3946 656 3999 oet
665 3953 705 3998 ut.

287 4031 326 4103 (ὅ)
344 4035 416 4091 Cod.
431 4041 527 4092 sitista.

288 4122 328 4192 ll)
345 4123 496 4191 Οοάνιωι,
508 4124 586 4199 qnod
598 4128 777 4180 sensucmt.
790 4116 973 4173 Hunclocum
985 4113 1095 4186 pristini
1108 4113 1232 4172 alitum
1246 4120 1330 4175 aliter

254 4210 431 4269 mit-ntes
447 4241 452 4268 :
469 4237 498 4271 u.
514 4234 571 4270 non
581 4233 619 4267 ιι.
632 4231 669 4265 ιη.
684 4207 883 4278 dedignemini.
