3090 5302
583 403 777 468 atruuulx
801 404 960 466 tutans.
1250 410 1309 469 157

238 546 285 599 cst
311 533 457 608 innatus,
488 552 546 595 nec
571 548 701 607 earum,
728 541 764 594 ut
789 550 877 594 nunc
904 551 923 592 a
947 526 1111 618 plerisque
1134 544 1305 611 vocantur,

238 647 457 739 superstitiosa
473 647 539 711 otia
553 642 686 711 fastidio
704 657 791 709 sunt.
814 643 855 710 Et
871 644 934 708 nisi
952 643 1180 711 intercessisset
1197 646 1306 737 inopia

238 777 491 854 praceptorum,
514 774 545 826 et
564 758 665 848 longo
683 760 746 826 situ
769 757 911 850 collapsa
933 760 1080 851 priorum
1103 761 1209 829 studia
1224 786 1306 854 pene

239 881 443 959 interissent,
474 877 632 967 largiente
655 877 823 956 Domino,
852 899 931 941 mec
953 875 1100 943 aviditati
1125 877 1306 945 satisfacere

236 996 372 1063 forsitan
388 993 576 1086 potuissem.
597 991 765 1083 Siquidem
786 1005 891 1057 restra
910 993 1066 1058 memoria
1083 1015 1140 1084 per
1155 992 1305 1061 famosis·

236 1115 354 1179 simum
373 1114 601 1203 imperatorem
617 1107 797 1189 Karolum‚
813 1108 867 1174 cui
884 1105 997 1175 litterae
1013 1132 1052 1175 eo
1068 1133 1168 1200 usque
1181 1108 1306 1178 deferre

237 1228 358 1296 debent
376 1244 413 1295 ut
431 1244 582 1296 aeternam
597 1228 627 1292 ei
654 1239 769 1317 parent
784 1225 994 1304 memoriam,
1014 1239 1119 1316 empta
1135 1228 1302 1307 revocari,

236 1345 439 1438 aliquantum
459 1344 591 1437 quidem
611 1342 754 1411 extulere
770 1357 885 1433 caput,
903 1343 1042 1433 satisque
1057 1344 1201 1411 constitit
1219 1346 1305 1411 reri·

236 1479 301 1531 tate
323 1465 498 1531 subnixum
522 1460 715 1555 praclarum
731 1460 854 1528 dictum
878 1487 886 1527 z
913 1460 1055 1528 «Honos
1071 1461 1129 1529 alit
1150 1478 1255 1544 artes,
1273 1477 1305 1530 et

235 1579 463 1647 accenduntur
474 1602 586 1646 omnes
601 1576 643 1644 ad
656 1576 762 1644 studia
775 1577 881 1667 gloria
894 1580 955 1665 (ι).
973 1605 990 1640 a
1006 1578 1103 1644 Nunc
1120 1581 1213 1646 oneri
1230 1594 1304 1647 sunt

234 1700 292 1790 qui
311 1698 435 1790 aliquid
452 1697 575 1765 discere
597 1696 767 1780 affectant,
785 1710 817 1762 et
840 1693 928 1762 velut
952 1697 985 1761 in
1006 1694 1094 1763 edito
1112 1698 1188 1763 sitos
1210 1697 1303 1780 loco,

235 1815 396 1883 studiosos
411 1837 558 1906 quosque
574 1811 715 1904 imperiti
730 1810 830 1900 vulgo
847 1825 1064 1903 aspectantes,
1079 1813 1197 1904 siquid
1212 1815 1305 1880 ineis

235 1930 338 2022 culpae
355 1928 649 2022 deprehenderint,
667 1927 700 1994 id
719 1950 785 1995 nou
804 1928 948 1994 humano
965 1929 1064 2010 vitio,
1085 1928 1140 1996 sed
1155 1930 1304 2020 qualitati

234 2046 481 2139 disciplinarum
495 2048 673 2137 assignant.
688 2045 736 2112 lta
750 2044 828 2112 dum
840 2043 897 2111 alii
909 2044 1043 2136 dignam
1059 2048 1223 2138 sapientiae
1236 2047 1304 2140 pal-

235 2189 321 2232 mam
347 2189 414 2231 non
440 2165 589 2255 capiunt,
607 2162 664 2230 alii
679 2161 800 2229 famam
818 2176 972 2229 verentur
993 2160 1183 2254 indignam,
1201 2189 1221 2232 a
1237 2179 1302 2232 tam

234 2279 390 2371 praeclaro
407 2303 505 2369 opere
519 2279 723 2346 destiterunt.
737 2279 823 2345 Mihi
838 2280 913 2346 satis
926 2294 1059 2371 apparet
1073 2296 1206 2373 propter
1220 2285 1305 2374 seip-

235 2421 302 2463 sam
316 2396 495 2488 appetenda
512 2398 668 2488 sapientia
683 2423 691 2464 2
706 2397 760 2463 cui
776 2395 970 2487 indagandae
985 2420 1004 2463 a
1020 2413 1131 2466 sancto
1144 2415 1304 2492 metropo-

236 2513 337 2580 litano
357 2513 508 2605 episcopo
526 2511 661 2579 Aldrico
688 2511 872 2602 delegatus,
894 2512 1061 2581 doctorem
1086 2519 1304 2605 grammaticae

235 2630 368 2695 sortitus
383 2652 467 2708 sum,
480 2642 702 2718 praeceptaque
717 2626 760 2693 ab
772 2650 812 2693 eo
830 2630 907 2694 artis
918 2630 1103 2721 accepisic
1114 2635 1303 2722 quoniame

236 2744 449 2833 grammatica
463 2742 505 2809 ad
522 2742 736 2824 rhetoricam,
757 2756 789 2809 et
804 2741 957 2836 deinceps
979 2745 1094 2813 ordine
1110 2747 1152 2814 ad
1175 2764 1305 2817 caeteras

237 2857 386 2925 liberales
400 2856 588 2949 disciplinas
600 2859 737 2924 transire
750 2857 812 2925 hoc
825 2872 970 2951 tempore
981 2861 1093 2930 fabula
1107 2877 1231 2932 tantum
1243 2883 1303 2948 est,

237 3001 311 3043 cum
333 2975 451 3042 deinde
475 2990 645 3041 auctorum
669 2973 890 3041 voluminibus
914 2978 1045 3067 spatiari
1065 2978 1304 3070 aliquantulum

237 3095 428 3184 coepissem,
453 3107 485 3158 et
503 3091 641 3158 dictatus
663 3107 773 3159 nostra
796 3108 886 3159 atate
912 3094 1053 3163 conlecti
1077 3095 1304 3191 displicerent,

236 3224 408 3301 propterea
419 3209 508 3300 quod
524 3208 566 3276 ab
579 3208 636 3276 illa
647 3208 802 3276 Tulliana
814 3225 1004 3279 caetcrorum
1020 3216 1190 3304 gravitate,
1205 3242 1303 3310 quam

238 3326 380 3414 insignes
405 3348 536 3415 quoque
559 3325 741 3392 christiana
767 3324 936 3415 religionis
961 3328 1024 3394 viri
1047 3331 1186 3400 aemulati
1210 3351 1304 3418 sunt,

238 3443 444 3524 oberrarent,
460 3443 593 3509 venitin
608 3465 722 3508 manus
739 3467 825 3509 meas
836 3468 918 3535 opus
928 3460 1089 3530 vestrum,
1104 3475 1170 3542 quo
1183 3477 1306 3521 memo-

239 3561 299 3626 rati
315 3561 518 3651 imperatoris
530 3559 708 3627 clarissima
720 3559 961 3650 gesta-liceat
970 3564 1051 3631 mihi
1064 3566 1184 3659 absque
1196 3573 1302 3663 suspi-

240 3677 333 3742 cione
349 3674 545 3742 adulationis
559 3675 666 3743 dicere
675 3714 721 3729 -
735 3674 912 3744 clarissime
925 3678 1039 3748 litteris
1058 3682 1229 3775 allegastis.
1254 3688 1305 3755 Ibi

240 3792 432 3881 elegantiam
455 3813 624 3873 sensuum,
646 3792 692 3858 ibi
711 3794 874 3860 raritatem
896 3797 1188 3886 conjunctionum,
1207 3827 1304 3895 quarn

240 3911 273 3975 in
289 3908 477 3975 auctoribus
491 3921 696 3990 notaveram,
709 3907 896 4000 ibidemque
907 3935 974 3978 non
988 3912 1184 4003 longissimis
1199 3922 1306 4010 perio-

277 4179 315 4246 (r)
334 4176 374 4231 En
386 4175 475 4232 Cicer.
490 4174 540 4231 lib.
554 4193 577 4245 r,
593 4175 705 4230 Tuscul.
719 4186 811 4249 quaest.
