3090 5302
422 432 478 490 130
740 424 928 485 {trunsum
952 423 1157 484 EPiSTOLAE.

417 552 674 624 detrimentum
692 550 822 620 animae
838 574 927 621 mcae
941 546 998 646 (ι)
1020 549 1219 634 incurram,
1239 548 1267 618 si
1286 546 1332 618 de
1351 546 1410 617 itta
1428 545 1483 619 ad·

417 669 619 740 monitione
631 667 938 767 negligentior(2)
948 691 1058 766 quam
1068 679 1215 763 oportet
1224 663 1401 737 exstitero
1410 664 1481 763 (ὃ),

416 802 451 857 et
466 787 549 859 licet
565 784 615 856 itti
630 785 704 856 sint
720 782 1059 866 misericordissimi,
1078 782 1141 882 qui
1158 781 1267 853 etiam
1281 781 1482 880 percussori

414 930 479 976 suo
509 916 771 1003 pepercerunt,
800 926 921 1000 regem
955 917 1072 973 tamen
1104 924 1251 984 eorum,
1285 897 1484 971 Dominum

415 1037 580 1094 nostrum
602 1020 723 1090 Jesum
739 1015 938 1103 Christum,
959 1042 1027 1116 pro
1045 1017 1099 1113 cuj
1106 1042 1145 1086 us
1160 1038 1284 1086 amore
1298 1015 1396 1086 mori
1409 1040 1483 1088 non

412 1133 685 1226 dubitaverunt,
699 1132 882 1207 offendere
894 1135 1018 1218 timeo,
1033 1134 1060 1204 si
1075 1133 1112 1204 in
1128 1130 1343 1205 exhibendis
1356 1159 1482 1207 eorum

412 1253 525 1324 cultui
545 1252 715 1350 congruis
730 1247 930 1324 honoribus
947 1275 1005 1322 me
1021 1250 1180 1349 segniter
1196 1265 1366 1349 agentem
1384 1251 1482 1323 inve·

413 1370 520 1442 uerit.
535 1367 702 1456 Proinde,
720 1368 876 1467 piissime
888 1368 1049 1455 domine,
1064 1366 1316 1442 excellentiam
1327 1383 1481 1443 vestram

412 1482 599 1556 humiliter
613 1482 791 1556 admoneo
811 1483 886 1580 (4),
912 1498 947 1554 et
973 1499 1058 1581 peto
1086 1498 1126 1555 ut
1149 1481 1334 1558 recordari
1354 1482 1481 1585 digne-

341 1592 343 1597 ⁷
411 1603 499 1674 mini
524 1601 568 1674 de
593 1600 651 1672 itta
676 1601 961 1674 commutatione
986 1600 1075 1689 loci,
1111 1601 1149 1673 in
1177 1627 1254 1702 quo
1279 1601 1481 1677 veneranda

356 1776 390 1787 -
408 1720 614 1822 Martyrum
628 1745 780 1818 corpora
793 1720 1040 1821 requiescunt,
1055 1745 1138 1820 quse
1149 1745 1234 1792 cum
1246 1719 1400 1821 Otgario
1412 1720 1481 1822 epi·

408 1864 518 1939 scopo
536 1838 626 1910 sacta
653 1853 726 1925 est,
753 1851 789 1910 et
806 1863 887 1910 eum
915 1836 984 1909 illis
1005 1838 1197 1938 proprium
1213 1838 1394 1927 efficiatis,
1414 1865 1480 1939 pro

406 1981 481 2058 quo
493 1951 680 2028 liberando
695 1955 888 2054 proprium
901 1971 1060 2028 vestrum
1076 1956 1209 2029 Sancto
1224 1954 1392 2029 Martino
1411 1970 1480 2029 trs-

407 2069 558 2144 didistis.
578 2072 670 2143 Item
687 2068 881 2144 admonere
902 2097 1081 2170 praesumo
1099 2070 1385 2146 misericordiam
1401 2100 1480 2147 ves-

408 2205 502 2260 tram
520 2185 564 2259 de
584 2186 654 2260 illis
672 2188 760 2260 meis
777 2187 1017 2286 petitionibus
1039 2186 1195 2288 quihus,
1221 2203 1310 2261 tunc
1333 2188 1479 2291 quando

407 2304 631 2377 imminentis
653 2303 823 2376 viciniam
842 2305 972 2379 mortis
989 2305 1181 2393 exhorrui,
1204 2304 1310 2379 vobis
1324 2309 1477 2409 suggessi

406 2439 447 2495 ut
463 2421 598 2523 aliquid
613 2421 657 2495 de
672 2422 808 2495 nostris
831 2420 1016 2495 beneficiis
1037 2422 1082 2494 ad
1099 2423 1402 2498 sustentationem
1418 2450 1479 2499 eo-

406 2565 502 2628 rum,
516 2538 581 2639 qui
591 2541 695 2637 juxta
711 2539 946 2610 sacratissima
961 2555 1168 2612 sanctorum
1181 2540 1389 2640 Martyrum
1401 2567 1478 2617 eor·

405 2681 492 2756 pora
508 2656 584 2731 Deo
598 2655 814 2729 deservituri
826 2672 933 2743 sunt,
951 2656 1084 2731 eisdem
1104 2658 1303 2732 mitissimis
1317 2662 1479 2759 puwonis

405 2773 532 2847 vestris
549 2772 634 2845 dare
650 2772 891 2872 dignaremini
906 2827 917 2863 ,
930 2773 1086 2873 qualiter
1104 2790 1192 2847 tunc
1207 2777 1336 2850 vestris
1352 2774 1478 2880 benig·

404 2888 560 2962 nissimis
578 2886 880 2987 promissionibus
898 2916 998 2989 spem
1016 2890 1105 2963 mihi
1123 2890 1258 2967 fecistis
1273 2892 1377 2995 quod
1392 2892 1478 2971 desi·

405 2999 507 3073 derio
519 3023 601 3072 meo
613 2998 773 3071 fraudari
787 3024 862 3071 non
875 2996 1060 3088 deberem,
1074 3017 1124 3091 et,
1138 3028 1215 3077 non
1229 3004 1351 3079 solum
1363 3007 1404 3083 in
1413 3005 1478 3083 tm

407 3142 528 3203 csusa,
546 3115 606 3188 sed
624 3117 731 3187 etiam
751 3117 787 3187 in
807 3141 850 3189 eo
866 3131 909 3187 ut
925 3116 999 3204 his,
1022 3144 1116 3218 quos
1129 3118 1174 3193 ad
1191 3122 1381 3197 servitium
1395 3150 1477 3199 ves-

408 3249 506 3304 trum
519 3229 693 3321 enutrivi,
711 3231 997 3306 misericordiam
1015 3248 1170 3307 vestrum
1185 3236 1396 3337 impendere
1409 3240 1475 3341 (5),

441 3594 479 3660 (ι)
496 3586 568 3644 Cod.
582 3588 693 3640 animae
706 3603 795 3651 meae,
809 3596 837 3640 et
851 3586 891 3640 sic
906 3585 1102 3661 diphthongus
1114 3606 1161 3657 ae,
1175 3591 1301 3663 qumis
1312 3602 1414 3650 atero
1427 3612 1476 3651 ω-

404 3681 476 3746 dice,
490 3676 533 3731 nti
539 3676 599 3748 jam
610 3673 740 3741 diximus,
755 3692 847 3747 suprs,
864 3694 891 3747 p.
907 3679 932 3743 4,
946 3693 974 3730 n.
989 3680 1014 3743 4,
1030 3687 1091 3731 tum
1100 3677 1206 3750 periter
1215 3677 1402 3752 (inimum,
1414 3694 1475 3741 suu

405 3789 456 3844 per
466 3785 551 3824 unam
565 3764 687 3819 litteram
703 3783 718 3819 e
732 3783 901 3838 expressam,
915 3776 977 3821 tum
993 3767 1077 3822 etism
1095 3768 1273 3840 conjunctam
1292 3772 1427 3847 reperim
1446 3774 1476 3830 iss

406 3861 461 3917 hoc
472 3859 541 3915 folio
552 3865 711 3913 constanter
726 3857 902 3928 exprimitur.

439 3951 479 4020 (a)
497 3945 568 4004 cod.
585 3947 781 4000 amnsonitione
794 3948 995 4019 neglegentior,

439 4024 479 4108 (3)
496 4035 566 4093 Cod.
579 4038 707 4091 extitero.

439 4127 479 4196 (4)
496 4123 566 4180 Cod.
584 4141 728 4179 ammoneo
739 4124 817 4179 sicet
831 4123 911 4178 intra.

439 4208 477 4281 (5)
495 4209 564 4266 eod.
579 4209 738 4282 inpendere.
