3166 5280
253 430 312 487 236
475 427 656 488 HISTORiA
677 430 989 502 'insinuationis
1011 452 1072 491 src.

251 545 434 617 vinearum
452 546 636 642 aripennes
656 572 798 618 novem.
822 546 963 618 Obtulit
979 562 1013 620 et
1031 548 1154 647 regina
1174 550 1293 647 cingu-

253 662 326 734 lum
341 689 467 747 suum,
489 690 530 735 ex
543 690 631 735 auro
645 679 680 736 et
692 665 839 763 gemmis
855 663 1005 751 factum,
1028 690 1179 764 pensans
1195 662 1293 737 libras

253 795 335 853 tres.
356 780 494 872 Quibus
512 783 677 879 expietis,
705 782 826 854 relatae
843 799 927 854 sunt
943 783 1103 883 reliquiae
1121 781 1168 853 ad
1183 781 1294 855 locun

250 922 372 985 suum,
388 898 424 969 in
439 899 639 972 oratorium
648 896 810 970 videlicet
822 914 1001 982 nostrum,
1016 897 1239 998 fueruntque
1252 896 1293 969 ibi

250 1011 374 1086 diebus
390 1014 619 1113 quadraginta
639 1014 691 1086 vel
712 1040 755 1087 eo
772 1014 942 1113 amplius,
961 1015 1174 1114 usquedum
1191 1016 1296 1113 impe-

251 1145 351 1203 rator
363 1130 495 1229 palatio
518 1131 713 1231 egrediens,
725 1130 876 1203 venandi
890 1133 1016 1230 gratia,
1035 1132 1188 1205 solemni
1204 1156 1297 1205 more

251 1246 354 1318 silvas
369 1261 519 1346 peteret.
538 1246 620 1338 Quo
643 1245 738 1320 facto
747 1301 759 1334 ,
777 1262 812 1320 et
828 1273 894 1320 nos
910 1246 1142 1345 comparatis,
1162 1272 1245 1347 quoe
1260 1246 1299 1319 sd

251 1362 513 1461 prosectionem
524 1380 681 1437 nostram
693 1366 883 1437 necessaria
892 1363 1125 1449 videbantur,
1138 1389 1225 1437 cum
1235 1364 1300 1437 eis·

252 1480 334 1553 dem
356 1481 516 1580 reliquiis
536 1480 580 1553 de
599 1483 678 1554 rico
696 1481 852 1581 Aquensi
870 1482 1132 1579 promovimus.
1157 1482 1202 1553 lu
1229 1481 1301 1580 ipso

252 1611 369 1668 autem
387 1610 519 1668 nostrae
537 1596 746 1696 egressionis
761 1596 935 1682 articulo,
951 1621 1035 1667 cum
1048 1595 1238 1668 missarum
1252 1620 1303 1671 so·

254 1710 381 1785 lemnia
400 1712 684 1800 celebrarentur,
700 1739 787 1784 anus
803 1712 966 1813 quaednm
986 1713 1021 1785 in
1041 1712 1175 1812 palatio
1188 1718 1302 1787 notis-

251 1831 358 1918 sima,
371 1856 549 1903 annorum
565 1832 708 1904 circiter
717 1832 922 1931 octoginta,
938 1856 1133 1904 nervorum
1145 1846 1305 1903 contrac-

252 1946 351 2018 tione
367 1945 550 2035 laborans,
569 1949 605 2019 in
624 1962 816 2045 conspectu
831 1962 957 2021 nostro
972 1962 1093 2019 curata
1109 1963 1176 2019 est.
1198 1945 1303 2040 Quas,

251 2079 293 2135 ut
310 2065 381 2162 ipsa
404 2081 571 2138 narrante
588 2064 798 2153 didicimus,
826 2091 890 2163 per
906 2065 1164 2164 quinquaginta
1194 2092 1306 2139 annos

250 2177 320 2252 hoc
354 2178 483 2254 morbo
509 2179 671 2267 detenta,
707 2207 807 2255 more
834 2178 1125 2281 quadrupedum,
1155 2179 1306 2281 genibus

252 2294 486 2397 manibusque
516 2296 685 2384 nitendo,
716 2297 871 2372 officium
901 2294 1106 2369 ambulandi
1132 2294 1306 2397 reptando

253 2414 470 2514 impleverat.

299 2651 358 2721 30.
387 2650 473 2723 Inde
502 2652 570 2723 iter
599 2651 765 2750 ingressi,
796 2649 1072 2750 suffragantibus
1100 2666 1308 2725 sanctorum

252 2766 408 2852 meritis,
431 2767 672 2841 sextodecimo
693 2766 751 2840 die
771 2765 987 2839 Mulinheim
1011 2768 1150 2853 vicum,
1174 2766 1213 2840 in
1234 2792 1309 2869 qno

250 2912 366 2959 sacros
397 2884 585 2959 beatorum
617 2886 821 2985 Martyrum
854 2886 990 2958 cineres
1021 2884 1064 2957 ad
1095 2884 1310 2959 comitatum

250 2999 447 3098 profecturi
465 3001 676 3087 dimisimus,
692 3002 846 3073 Domino
859 3000 1047 3097 adjuvaute
1065 3000 1306 3097 pervenimus.

249 3117 292 3186 ln
309 3142 382 3215 quo
401 3118 528 3191 itincre
543 3133 719 3217 quantum
734 3116 873 3218 gaudii,
892 3130 1139 3216 quantumque
1153 3114 1307 3201 taetitiae,

250 3230 293 3305 de
306 3232 447 3306 iliarum
464 3234 618 3307 adventu
634 3236 890 3334 reliquiarum,
909 3232 1052 3331 popuiis
1066 3234 1102 3305 iu
1118 3232 1240 3305 eadem
1254 3234 1310 3306 via

251 3349 527 3424 consistentibus
556 3355 757 3439 accesserit,
783 3378 899 3452 neque
917 3351 1004 3423 mihi
1024 3349 1201 3424 silendum
1231 3366 1309 3439 est,

251 3494 317 3541 nec
336 3484 453 3541 tamen
477 3470 523 3540 ita
544 3486 584 3543 ut
603 3471 692 3556 fuit,
711 3470 815 3568 piene
835 3470 902 3542 dici
918 3486 1026 3569 atque
1040 3468 1221 3541 enuntiari
1244 3494 1311 3567 po-

253 3600 332 3659 test.
367 3585 564 3659 Dicendum
595 3604 711 3661 tamen
740 3604 809 3673 cst,
845 3614 891 3659 ne
923 3614 979 3659 res
1002 3586 1044 3657 ad
1075 3584 1139 3656 Dei
1168 3585 1311 3659 laudem

251 3703 402 3775 maxime
427 3703 629 3803 pertinens,
648 3704 746 3801 quasi
764 3730 828 3801 per
854 3702 1039 3783 desidiam,
1056 3698 1202 3773 silentio
1220 3726 1314 3799 sup-

254 3850 366 3919 pressa
381 3820 552 3894 videatur.
573 3820 624 3893 Ac
638 3822 795 3918 primum
818 3820 963 3919 quidem
981 3818 1087 3919 gestit
1109 3818 1252 3889 animus
1275 3816 1312 3889 id

254 3938 518 4037 rescrre,quod,
536 3938 666 4036 palatio
683 3937 825 4035 egressi,
847 3937 883 4009 in
904 3934 1101 4007 multorum
1119 3934 1312 4034 praesentia

255 4084 319 4131 nos
338 4058 463 4130 vidisse
483 4057 754 4131 reminiscimur.
775 4054 945 4127 Vurmius
963 4050 1097 4124 dicitur
1115 4048 1310 4137 fluviolus,

252 4174 390 4247 duobus
417 4175 488 4248 sere
506 4201 668 4272 passuum
694 4170 852 4245 millibus
869 4169 914 4243 ab
930 4168 1081 4269 Aquensi
1101 4168 1233 4265 palatio
1249 4166 1313 4239 di·-
