3166 5280
256 425 316 485 stt
482 425 662 485 ttts'rotttt
685 425 1001 501 Ttttnstattottts,
1025 446 1089 489 tre.

255 568 289 636 id
306 563 405 666 quod
416 562 611 663 jubebatur
633 564 709 637 sine
736 565 805 637 ulle
829 592 1013 638 morarum
1038 569 1301 666 interpositione

253 681 518 781 adimplendum
535 682 793 779 essejndicens,
812 684 882 781 ipsa
896 681 1041 783 quidem
1055 684 1113 757 die
1125 710 1165 757 ea
1178 686 1301 785 quaeed

252 800 321 870 hoc
346 798 538 870 necessaria
564 796 779 870 videbantur
801 824 1003 896 praeparare
1020 800 1131 896 jussi3
1154 802 1301 899 sequenti

251 940 337 987 vero
351 940 463 986 sacras
478 914 555 985 illas
567 914 734 1013 reliquias
747 916 889 1013 corpori
904 970 914 1000 ,
929 916 1061 1014 dequo
1077 916 1303 1017 sumptaelue·

249 1047 351 1119 rant,
383 1056 466 1102 cum
491 1055 628 1103 summa
659 1030 844 1131 diligentia
873 1032 1009 1105 sociare
1038 1034 1176 1107 curavi.
1211 1032 1302 1127 Quod

251 1146 384 1227 ·”actum
409 1172 517 1246 quam
541 1164 682 1245 gratum
710 1145 921 1220 beatissimis
949 1147 1174 1249 Martyribns
1194 1148 1301 1235 soret,

248 1265 476 1337 attestatione
493 1263 656 1335 miraculi
673 1262 922 1365 subsequentis
941 1264 1080 1365 liquido
1096 1264 1304 1365 comproba-

251 1394 323 1453 tur.
339 1381 430 1453 Nam
446 1380 609 1479 proxima
628 1397 756 1470 nocte,
774 1406 856 1452 cum
870 1380 913 1453 ad
926 1385 1148 1455 matutinum
1162 1384 1304 1457 officium

249 1504 286 1573 in
310 1500 451 1573 basilica
471 1502 681 1575 solemniter
697 1500 916 1589 sederemus,
935 1528 1042 1575 senex
1059 1502 1210 1603 quidam
1222 1530 1305 1605 gre·

250 1645 352 1692 suum
367 1619 485 1693 officio
498 1617 707 1704 destitutus,
719 1616 942 1720 genibusque
951 1646 992 1692 ac
1006 1618 1176 1693 manibus
1186 1622 1304 1707 uitem,

249 1733 425 1834 reptando
449 1735 491 1806 ad
517 1735 720 1807 orationem
755 1735 916 1807 intravit.
946 1738 978 1808 ls
1002 1761 1126 1808 coram
1151 1736 1306 1811 omnibus

249 1850 374 1939 nobis,
391 1879 454 1950 per
467 1853 640 1925 virtutem
652 1852 716 1924 Dei
731 1867 767 1923 et
783 1852 908 1923 merita
922 1850 1215 1929 beatissimorum
1227 1854 1306 1927 Μιι·

251 1981 395 2063 tyrum,
424 1966 544 2039 eadem
575 1994 643 2067 qua
671 1968 849 2067 ingressus
875 1982 929 2040 est
956 1966 1042 2041 hora
1057 2021 1068 2055 ,
1097 1968 1146 2041 ite
1165 1966 1308 2069 perfecte

254 2099 397 2154 curatus
414 2098 486 2169 est,
507 2098 546 2154 ut
564 2083 607 2155 ad
632 2084 866 2157 incedendum
885 2112 931 2157 ne
944 2083 1061 2157 buculi
1078 2086 1229 2185 quidem
1242 2112 1309 2159 sus-

254 2200 454 2272 tentatione
472 2198 624 2272 ulterius
651 2198 836 2299 indigeret.
860 2200 931 2293 Qui
950 2203 1057 2274 etiam
1070 2216 1109 2275 et
1120 2204 1268 2275 surdum
1280 2228 1309 2275 te

256 2340 321 2415 per
341 2319 555 2388 continuum
574 2317 863 2417 quinquennium
883 2316 1011 2405 fuisse,
1034 2318 1218 2421 simulque
1238 2344 1309 2391 cum

256 2430 374 2505 officio
390 2428 521 2530 pedum
540 2431 703 2503 auditum
730 2431 796 2505 sibi
821 2430 1002 2504 redditum
1027 2430 1239 2505 affirmabat.
1259 2434 1310 2505 llis

259 2549 304 2619 itu
325 2548 496 2648 peractis,
517 2546 559 2620 ad
579 2550 809 2636 comitatum,
829 2549 920 2622 sicut
938 2550 1102 2649 superius
1126 2576 1188 2625 me
1207 2548 1310 2625 facere

260 2665 412 2738 voluisse
426 2665 552 2751 retuli,
571 2664 701 2739 ibidem
716 2665 956 2754 hiematurus,
975 2666 1089 2739 multa
1103 2694 1249 2743 mecum
1263 2694 1309 2741 re·

262 2784 425 2883 putando
444 2784 626 2881 profectus
643 2810 735 2855 sum.

692 3390 817 3451 CAPUT
839 3391 893 3451 lv.

265 3568 406 3629 Miracula
422 3568 452 3623 in
465 3563 558 3623 surdis
568 3576 597 3623 et
607 3565 704 3641 mutis,
721 3567 873 3625 contructis
885 3579 913 3625 et
920 3564 983 3625 eliis
990 3569 1085 3649 egris,
1095 3568 1316 3655 Muliubeitttp*

308 3682 392 3728 trata.
403 3701 443 3713 -
452 3666 577 3725 Cervisia
587 3666 617 3724 in
626 3668 724 3725 vinum
733 3678 852 3728 ntntatu.
864 3700 900 3714 --
912 3666 1016 3727 Cereus
1026 3670 1103 3731 ultro
1110 3694 1261 3737 accensus.

316 3836 375 3908 34.
394 3832 451 3931 (a)
460 3830 667 3928 scripturus
680 3828 833 3901 virtutes
846 3844 952 3929 atque
964 3832 1150 3921 miracula,
1159 3836 1319 3937 quaelten·

267 3949 391 4024 tissimi
406 3961 581 4047 martyres
595 3942 750 4032 Christi,
775 3944 1002 4018 Marcellinus
1017 3962 1055 4019 et
1069 3948 1217 4039 Petrus,
1232 3968 1317 4055 post·

299 4200 338 4265 (a)
350 4198 404 4251 ttte
418 4194 516 4266 incipit
529 4191 599 4247 liber
613 4210 645 4244 ιιι
660 4192 687 4246 in
701 4190 825 4247 editione
838 4192 962 4247 Suriam.
