3090 5302
232 399 294 459 286
458 392 643 455 HISTORIA
665 392 988 467 Tntrsumoms,
1009 412 1073 454 rra.

231 512 423 616 presbyter
440 510 486 586 ab
502 537 546 586 eo
562 526 761 612 quaereret,
776 538 932 613 quanam
949 511 995 586 de
1011 536 1114 585 eausa
1131 511 1165 585 ei
1179 507 1297 586 luisset

233 629 436 732 hujusmodi
468 654 634 704 concessa
667 625 848 728 potestas?
872 660 891 698 a
918 630 1072 728 Propter
1107 627 1295 717 malitiam,

234 750 377 849 inquit,
401 745 527 847 populi
549 744 675 845 hujus,
698 761 735 819 et
752 744 984 818 multimodas
1007 744 1217 846 iniquitates
1236 770 1297 819 eo-

233 891 317 937 rum
345 864 408 965 qui
434 889 542 962 super
564 888 648 936 eum
669 863 858 937 ooristituti
877 880 976 936 sunt.
1006 863 1076 959 Qui
1096 888 1249 935 munem
1267 877 1300 937 et

234 1005 309 1055 non
319 980 497 1080 justitiam
510 978 686 1079 diligunt,
699 980 760 1080 qui
777 980 857 1079 plus
869 980 1055 1055 bominem
1064 1006 1175 1081 quam
1189 980 1299 1053 Deum

233 1113 421 1186 metuunt,
437 1098 499 1197 qui
517 1123 690 1197 pauperes
704 1097 937 1196 opprimunt,
955 1099 1077 1170 viduas
1093 1112 1131 1171 et
1147 1094 1301 1196 pupillos

233 1214 278 1289 ad
292 1242 328 1289 se
341 1215 578 1289 vociferantes
590 1212 758 1287 exaudire
771 1214 903 1287 nolunt
911 1268 924 1307 ,
940 1214 1030 1287 nulli
1042 1213 1223 1314 justitiam
1236 1213 1300 1285 uisi

234 1334 410 1407 mercanti
437 1332 588 1405 faciunt.
617 1332 755 1403 Proeter
782 1330 858 1403 boec
879 1346 1020 1404 suntet
1041 1329 1109 1401 alia
1130 1328 1245 1401 multa
1264 1354 1301 1401 ac

236 1476 328 1550 pene
346 1447 642 1538 innumerabilia,
662 1476 745 1549 quae
765 1464 836 1520 tam
858 1446 903 1519 ab
925 1449 1004 1549 ipso
1024 1446 1180 1547 populo,
1198 1472 1303 1547 qaum

235 1564 483 1641 asertoribus
511 1569 585 1664 ejus
615 1563 781 1666 quotidie
810 1566 1120 1653 committuntur3
1150 1579 1192 1636 ut
1222 1580 1304 1637 aaut

235 1684 414 1784 perjuria,
436 1679 647 1770 ebrietates,
668 1680 862 1770 adulteria,
882 1680 1095 1771 homicidia,
1114 1681 1229 1769 lurta,
1248 1706 1305 1752 ra-

237 1802 348 1901 pinoe,
363 1828 447 1904 quae
463 1787 572 1874 nemo
588 1799 666 1874 lieri
682 1787 866 1900 probibet,
879 1814 929 1890 et,
945 1826 1028 1873 cum
1042 1799 1134 1873 lacta
1149 1798 1303 1883 suerint,

237 1944 315 1992 non
333 1918 466 2019 estqui
486 1913 658 1989 vindicet.
680 1918 909 1991 Potentiores
921 1918 1057 2019 quique
1074 1914 1245 2017 turpibus
1258 1914 1308 1987 lo·

238 2035 309 2107 eris
327 2034 548 2118 inserviuut3
570 2049 607 2105 et
624 2033 706 2109 loeo
723 2037 926 2135 superiore,
946 2062 1057 2136 quem
1078 2050 1232 2137 propter
1250 2058 1308 2106 re-

238 2149 374 2251 gendos
388 2148 579 2223 inferiores
589 2167 824 2250 aeceperunt,
842 2149 886 2224 ad
897 2150 1100 2251 superbiam
1115 2166 1152 2225 et
1168 2152 1307 2224 inanem

239 2268 391 2370 gloriam
405 2267 631 2356 abutuntur;
647 2267 772 2341 odium
785 2286 821 2341 et
835 2268 1025 2357 invidiam,
1040 2294 1116 2344 uon
1128 2283 1203 2339 tam
1215 2268 1309 2340 inter

240 2398 448 2470 extraneos,
473 2409 583 2483 quam
606 2383 702 2457 inter
720 2385 948 2485 propinquos
969 2399 1007 2457 et
1025 2384 1198 2457 affinitate
1219 2406 1309 2455 eon·

235 2504 383 2598 junctos
397 2513 589 2586 exercent,
606 2498 740 2571 amicus
752 2501 870 2575 amico
882 2526 959 2574 nou
972 2498 1106 2589 credit,
1122 2497 1235 2571 frater
1246 2495 1311 2569 lra-

242 2634 334 2691 trem
358 2616 455 2705 odit,
481 2632 583 2717 pater
609 2616 725 2690 filium
751 2643 827 2691 non
851 2616 983 2717 diligit.
1012 2617 1095 2689 llari
1120 2629 1230 2704 sunt,
1248 2613 1310 2715 qui

242 2734 396 2809 fideliter
409 2761 449 2807 ac
464 2735 593 2809 devote
608 2734 763 2808 decimas
780 2735 887 2823 dent,
907 2735 1062 2808 rariores
1075 2734 1138 2836 qui
1153 2732 1310 2807 eleemo-

241 2879 349 2954 synas
373 2854 532 2941 laciant3
560 2869 598 2927 et
628 2852 697 2927 boc
723 2853 828 2941 ideo,
852 2853 939 2954 quia
957 2849 1137 2955 quidquid
1160 2850 1239 2925 Deo
1257 2846 1311 2923 vel

242 2971 460 3071 pauperibus
478 2971 563 3045 dare
579 2970 772 3070 jubentur,
794 2970 830 3043 id
848 2968 916 3042 sibi
936 2968 1055 3069 perire
1070 2967 1310 3041 arbitrantur.

243 3087 390 3189 lniquas
404 3113 587 3161 mensuras
600 3103 635 3163 et
655 3088 784 3188 injusta
802 3086 981 3187 pondera,
996 3100 1123 3160 contra
1141 3086 1205 3159 llei
1220 3108 1314 3185 prte-

244 3219 412 3304 oeptum,
434 3202 565 3279 babere
588 3222 875 3293 nuntiarentur,
897 3203 1023 3278 fraude
1043 3230 1080 3277 se
1096 3203 1312 3277 alterutrum

245 3323 560 3411 circumveniunt3
586 3323 670 3396 salsa
694 3325 901 3398 testimonia
923 3322 1043 3397 dicere
1065 3348 1142 3396 uon
1165 3316 1314 3395 erubes-

244 3457 357 3528 cunt3
377 3440 453 3513 dies
469 3441 673 3515 domiuieos
688 3467 729 3514 ac
748 3441 894 3516 feriatos
911 3468 987 3515 nou
1005 3438 1237 3526 custodiunt,
1255 3432 1313 3511 aed

247 3559 285 3631 in
305 3556 373 3646 his,
392 3584 434 3631 ac
443 3558 471 3630 si
491 3559 528 3632 in
543 3559 696 3649 eaeteris,
715 3575 828 3660 prout
842 3560 1010 3634 voluntas
1023 3584 1151 3633 eorum
1170 3556 1313 3641 tulerit,

245 3690 459 3774 operantur.
480 3678 636 3775 Propter
652 3675 729 3751 baec
745 3693 783 3753 et
800 3677 867 3751 alia
885 3676 1020 3764 multa,
1037 3702 1122 3779 quoe
1137 3678 1236 3749 Deus
1255 3686 1317 3747 aut

248 3792 420 3890 praecepit
439 3789 648 3865 bominibus
667 3810 710 3865 ut
727 3792 905 3881 facerent,
923 3808 986 3864 aut
1000 3789 1189 3894 probibuit
1202 3816 1250 3865 ne
1261 3787 1316 3861 la·

248 3922 393 3995 serent,
412 3909 498 4008 quia
515 3909 671 4008 populus
693 3909 752 3982 bic
773 3936 838 4008 per
855 3910 1119 3983 contumaciam
1141 3904 1315 3981 mandatis

248 4028 323 4123 ejus
351 4024 562 4100 inobediens
591 4027 739 4101 effectus
771 4043 843 4116 est,
876 4028 1060 4127 permissi,
1090 4027 1206 4101 immo
1227 4020 1312 4124 jussi

248 4166 371 4213 sumus
401 4171 438 4214 ra
467 4144 584 4219 lacere
606 4146 642 4217 in
676 4142 783 4218 rebus
814 4143 1000 4231 humanis,
1037 4169 1120 4244 quae
1155 4140 1314 4242 superius
