3090 5302
241 494 298 552 tts
465 486 648 549 utstottta
670 487 988 561 musculoso,
1011 512 1071 551 εκ.

239 606 376 681 rideret
388 604 477 707 quid
493 604 644 691 laceret,
656 606 739 705 quia
756 604 801 679 dc
820 624 921 704 parte
933 635 995 679 sua
1014 605 1106 679 nihil
1130 624 1298 691 restaret,

238 723 338 824 quod
350 750 491 822 sperne
499 737 631 822 posset.
647 723 840 823 Postquam
855 724 930 797 lraec
944 727 1087 801 notario
1101 752 1184 799 mcc
1196 725 1299 811 dixit,

238 857 274 912 et
289 840 349 915 ille
360 838 455 912 seab
468 865 513 913 eo
530 839 674 912 illusum
692 866 733 911 ac
750 840 843 913 male
855 840 923 912 sibi
942 842 1152 941 impositum
1170 867 1301 941 querc-

239 969 358 1043 retur,
371 956 493 1029 nescio
507 952 642 1056 quibus
660 957 760 1027 ranis
773 983 814 1027 ac
830 956 971 1029 frivolis
985 958 1096 1029 etiam
1111 954 1301 1057 presbyte-

237 1100 320 1145 rum
333 1072 496 1146 Hildoini
510 1070 701 1158 allocutus,
710 1100 772 1173 spe
784 1075 893 1147 simili
907 1076 1122 1159 animatum,
1137 1100 1207 1147 ase
1219 1074 1301 1147 lecit

236 1188 437 1264 abscedere.
461 1189 638 1265 Postridie
662 1217 749 1265 sero
770 1218 853 1263 cum
876 1190 977 1265 valde
1000 1192 1120 1265 tristes
1145 1192 1299 1277 rideret,

236 1308 402 1383 hortatus
414 1324 519 1382 estut
531 1308 637 1380 simul
650 1336 733 1380 cum
745 1308 808 1382 illc
819 1307 863 1381 ad
877 1310 1084 1383 coemcteria
1095 1324 1300 1382 sanctorum

235 1442 448 1525 pergerent3
465 1423 577 1497 videri
595 1420 663 1497 sibi
682 1423 780 1524 quod
795 1425 832 1496 in
850 1424 901 1497 eis
913 1423 1049 1524 aliquid
1063 1422 1132 1496 tale
1146 1424 1298 1497 inveniri

235 1561 372 1642 posset,
385 1568 461 1644 quc
473 1568 601 1617 eorum
611 1541 793 1615 desideriis
807 1541 1017 1630 satisfieret,
1032 1568 1098 1615 nec
1112 1542 1192 1615 lore
1205 1540 1299 1615 illam

233 1661 480 1734 necessitatem
495 1675 537 1732 ut
552 1659 588 1731 in
605 1660 756 1758 patriam
776 1660 877 1732 vacui
895 1674 1179 1733 reverterentur.
1195 1658 1300 1731 Cum-

233 1805 304 1879 que
315 1781 367 1853 eis
386 1777 455 1852 hcc
472 1778 663 1853 consilium
681 1778 891 1878 placuisset,
910 1777 1115 1878 vellentque
1137 1792 1179 1849 ut
1193 1802 1302 1878 quan·

234 1900 351 1973 tocius
369 1897 425 1986 id,
440 1896 485 1971 ad
497 1896 595 1997 quod
612 1896 819 1970 laciendum
836 1923 898 1971 cos
915 1893 1142 1983 hortabatur,
1158 1894 1301 1968 inchoa·

233 2032 336 2103 rent,
366 2042 467 2089 more
495 2014 623 2103 solito,
652 2016 838 2113 negotium
866 2012 1122 2098 dissimularit,
1152 2028 1190 2085 et
1219 2038 1298 2097 eos,

232 2159 391 2235 quorum
403 2133 513 2204 animi
532 2148 620 2206 tunc
637 2131 824 2231 paululum
836 2147 940 2205 erant
956 2132 1081 2216 erecti,
1102 2129 1139 2201 in
1158 2144 1297 2201 tourtam

232 2250 518 2350 desperationem
555 2247 621 2322 hac
655 2250 829 2323 dilatione
862 2248 1013 2348 dejecit,
1058 2265 1121 2335 ut,
1168 2248 1302 2322 omisso

235 2366 318 2453 illc,
333 2380 532 2441 statuerent
556 2367 592 2438 in
607 2367 780 2465 patriam,
799 2375 961 2466 quumvis
984 2365 1118 2440 inlecto
1130 2366 1299 2466 negotio,
1318 2458 1334 2495 ι

233 2485 380 2559 reverti.

281 2846 315 2914 7.
341 2840 411 2915 Sed
443 2844 606 2915 notarius
640 2866 757 2927 meus,
793 2842 953 2915 recolens
987 2842 1171 2915 somnium
1201 2838 1300 2943 quo'd

232 2986 324 3057 puer
344 2986 428 3030 suus
450 2958 608 3045 viderat,
627 2960 741 3058 coepit
765 2960 936 3032 comitem
954 2984 1059 3031 suum
1078 2955 1216 3033 hortari
1237 2973 1299 3043 ut,

234 3076 311 3148 sine
339 3074 480 3173 hospite
510 3102 596 3162 suc,
628 3079 723 3149 irent
751 3077 794 3148 ad
824 3078 1051 3163 coemeteria,
1074 3076 1118 3148 ad
1142 3102 1227 3175 quae
1253 3076 1302 3147 vi·

234 3194 341 3267 senda
361 3193 421 3265 ille
435 3219 495 3267 eos
515 3221 552 3267 se
571 3194 702 3268 ducere
716 3195 808 3268 velle
821 3196 1002 3296 promisit.
1014 3198 1138 3297 ltaque
1152 3196 1301 3268 inventi»

233 3327 342 3409 atquc
357 3308 541 3383 conducto
553 3309 644 3383 duce
657 3310 894 3412 locorumque
909 3326 1167 3397 monstratore,
1180 3312 1300 3410 primo

233 3426 276 3498 ad
291 3424 473 3497 basilicam
485 3426 582 3500 Beati
596 3427 772 3514 Tiburtii,
792 3430 975 3531 martyris,
992 3430 1030 3501 in
1042 3430 1097 3501 via
1113 3430 1298 3515 Larisam,

234 3542 351 3615 tribus
368 3538 414 3613 ab
431 3541 522 3616 urbe
540 3570 705 3641 passuum
722 3546 884 3619 millibus
895 3545 1111 3631 distantem,
1125 3548 1297 3633 veniunt,

231 3662 474 3762 martyrisque
493 3660 656 3736 tumbam
676 3678 809 3765 quanta
830 3680 983 3765 possunt
998 3663 1184 3764 diligentis
1208 3690 1296 3739 ccu-

233 3780 477 3879 templantur‚
505 3798 542 3851 ct
575 3797 702 3854 utrum
735 3782 808 3870 sic,
836 3799 876 3854 ut
907 3783 965 3855 alii
995 3808 1070 3855 non
1097 3784 1296 3867 sentirent,

231 3899 361 3998 aperiri
396 3916 536 3997 posset,
567 3916 668 3972 cautu
704 3902 1025 3997 circumspectione
1055 3902 1295 3976 considerant.

232 4015 368 4087 Deinde
382 4017 418 4087 iu
431 4034 596 4117 cryptam
609 4019 766 4115 ejusdem
780 4018 936 4091 basiliere
945 4020 1168 4119 contiguam,
1181 4020 1218 4091 in
1229 4044 1295 4119 qun

232 4130 420 4204 beatorum
443 4133 575 4207 Christi
601 4154 800 4234 martyrum
827 4137 1024 4210 Marcellini
1041 4152 1075 4208 et
1094 4136 1191 4209 Petri
1216 4160 1296 4211 cor-

231 4276 318 4347 pora
351 4269 451 4323 erant
482 4254 676 4341 tumulata,
704 4254 948 4340 descetuluut3
978 4270 1086 4354 atque
1115 4254 1294 4353 explorata
