3166 5280
265 403 306 465 ss
588 400 782 462 erassem
804 379 1010 462 s'risrosn.

261 522 398 599 obnixe
416 524 592 624 deprecor
603 538 647 595 ut
659 524 856 624 scriptum,
875 523 975 626 qnod
991 522 1057 595 tibi
1076 524 1180 612 misi,
1200 525 1337 598 iterum

261 639 419 741 relegere
430 655 539 742 atque
551 639 751 741 intelligere
764 639 885 740 [velis]
894 694 905 730 ,
917 639 1093 741 mihique,
1110 640 1203 714 sicut
1214 645 1337 740 tejam

136 812 146 824 ,
260 756 398 830 nudum
411 783 477 857 per
492 757 630 831 litteras
644 783 740 831 meas
755 758 900 856 rogavi,
915 756 1004 858 quid
1018 756 1084 829 tibi
1103 755 1146 829 de
1162 754 1220 829 illa
1233 782 1338 830 reve·

260 870 394 945 latione
410 889 520 973 atquc
530 870 707 945 mandatis
716 877 732 960 ‚'
742 870 875 973 quibus
891 871 1088 945 obstrictus
1101 898 1203 963 snm,
1214 870 1336 945 videa-

258 993 340 1074 tur',
364 986 564 1061 rescribere
586 1012 663 1061 non
679 988 838 1087 gereris
854 988 923 1086 (1).
944 987 1030 1061 Non
1048 985 1202 1060 deerunt
1217 986 1335 1085 perla-

258 1120 377 1191 tores,
410 1106 439 1177 si
465 1102 535 1179 boc
557 1103 656 1205 quod
682 1105 866 1204 scripseris
889 1103 1072 1191 Bonotto,
1103 1100 1333 1178 vicedomino

256 1235 399 1308 nostro,
423 1220 569 1294 mittere
588 1221 758 1294 volueris.
773 1221 870 1320 Opto
888 1236 931 1294 ut
947 1236 1088 1319 semper
1106 1218 1200 1295 bene
1219 1218 1335 1292 valeas

257 1338 294 1410 in
312 1339 472 1412 Domino
490 1340 568 1436 (2),
588 1339 768 1413 carissime
785 1355 894 1439 atque
911 1339 1152 1411 amantissime
1171 1338 1283 1411 frater
1296 1352 1334 1410 et

257 1457 418 1529 domine.
1043 1457 1046 1460 ’

394 1922 462 1983 XV.
487 1924 527 1982 ΙΝ
551 1923 720 1984 PERSONA
743 1923 863 1984 ROMAE
882 1925 934 1984 sl)
956 1923 1195 1985 BLlDTHllUT.

308 2082 558 2155 Dilectissimae
575 2083 692 2159 sorori
717 2082 919 2174 Blidtbrut,
945 2086 1057 2158 Boma
1081 2085 1139 2183 (3)
1161 2084 1272 2156 amica
1296 2097 1335 2154 et

259 2199 352 2274 bene
370 2199 538 2299 'cupiens'
551 2216 634 2289 tua,
656 2217 827 2274 aeternam
853 2201 891 2273 in
916 2203 1074 2277 Domino
1101 2201 1265 2274 salutem.
1283 2241 1335 2256 -

261 2315 416 2412 Quidam
435 2341 558 2390 servus
572 2333 689 2392 vester
700 2317 744 2391 de
760 2317 974 2408 Makesbah,
995 2320 1145 2394 nomine
1159 2317 1332 2405 Wenilo,

260 2433 450 2536 quamdam
465 2436 520 2534 (4)
543 2433 697 2508 liberam
713 2435 887 2509 seminam
906 2437 1043 2536 accepit
1058 2435 1125 2509 sibi
1144 2443 1182 2509 in
1200 2438 1334 2535 conju-

260 2552 375 2651 ginm,
390 2566 428 2626 et
439 2550 550 2626 modo
563 2552 726 2626 timendo
740 2553 830 2625 iram
844 2568 1013 2642 vestram,
1028 2552 1136 2625 simul
1146 2569 1183 2626 et
1192 2551 1333 2626 domini

261 2669 315 2741 sni
328 2666 521 2760 Albuuini‚
537 2668 703 2771 confugit
715 2670 758 2743 ad
772 2670 897 2744 limina
911 2687 1119 2745 sanctornm
1133 2666 1333 2742 Marcellini

260 2801 297 2858 et
318 2786 427 2861 Petri.
456 2786 528 2860 Pro
552 2811 628 2888 quo
647 2813 739 2888 rogo
759 2788 944 2862 caritatem
969 2802 1069 2859 tuam
1091 2801 1134 2858 ut
1157 2809 1235 2858 mea
1257 2784 1334 2856 vice

260 2902 356 3005 apud
374 2902 478 2977 illum
501 2904 723 2979 intercedere
746 2904 926 3006 digneris,
951 2921 1129 3006 quatenns
1146 2903 1179 2976 ei
1206 2900 1332 2990 liceat,

1230 3093 1327 3105 -Q

295 3205 336 3271 (ι)
351 3199 424 3255 Cod.
437 3219 495 3256 non
509 3219 650 3275 graveres.

294 3293 334 3364 (a)
352 3290 397 3348 Sic
410 3290 506 3347 codes.
522 3291 597 3349 mit.
612 3312 638 3349 o.
649 3311 704 3349 nos
715 3313 740 3348 s.
755 3292 824 3348 bene
836 3297 866 3349 s'n
879 3294 917 3350 D.
928 3294 1035 3349 valere.

292 3376 332 3451 (3)
349 3378 491 3447 Peneius,
508 3381 665 3436 rir'eximii
681 3382 833 3451 acuminis,
853 3381 901 3438 hle
916 3399 969 3456 pro
987 3380 1089 3449 Boma,
1104 3380 1208 3447 Imma,
1226 3395 1330 3433 nomen

257 3467 394 3526 Einhardi
404 3470 509 3537 uxoris,
519 3468 669 3545 legendnm
680 3481 769 3545 putat.
780 3471 849 3530 vid.
858 3471 1109 3539 Emhardivitam
1117 3470 1192 3525 inter
1200 3463 1328 3524 nonum.

256 3560 352 3615 Germ.
368 3557 435 3614 hist.
451 3557 553 3634 Script.
571 3559 614 3629 11,
629 3579 655 3634 p.
673 3565 739 3636 lap,
753 3580 781 3617 n.
797 3562 841 3629 (8.

290 3648 330 3720 (l)
347 3645 418 3703 eod.
434 3648 594 3721 quandam·
604 3660 633 3704 et
645 3651 685 3705 sic
697 3651 727 3705 in
736 3651 866 3725 plurimis
878 3649 940 3706 aliis
953 3648 1076 3714 vocibus,
1089 3645 1243 3722 quendam,
1259 3664 1329 3700 eun-

254 3735 333 3806 dem,
346 3737 463 3810 repulit,
476 3748 545 3807 etc,
560 3738 684 3795 litteram
697 3760 718 3796 n
730 3759 782 3815 pro
798 3761 826 3796 m
836 3750 996 3814 usurpatam
1009 3740 1146 3813 reperiam
1158 3755 1222 3792 cum
1235 3745 1330 3791 autem

253 3827 331 3884 bunc
343 3828 483 3885 scribendi
498 3829 614 3887 modum
627 3833 782 3906 exscriptor
792 3842 952 3888 constanter
964 3848 1021 3886 non
1035 3840 1146 3889 secutus
1159 3829 1208 3896 sit,
1224 3825 1330 3901 ubique

251 3934 331 3973 voces
350 3918 386 3974 ad
408 3920 526 3976 formam
547 3923 636 3994 magis
652 3922 727 3996 apud
747 3941 798 3979 nos
817 3924 948 3979 usitatam
967 3917 1140 3977 seducendas
1160 3917 1326 3973 curavimus.

252 4007 339 4074 Item,
353 4008 450 4064 eadem
464 4012 586 4080 ratione,
601 4032 686 4068 carus
701 4030 753 4087 pro
771 4012 872 4082 karus,
893 4013 1004 4068 illuster
1017 4026 1070 4084 pm
1085 4007 1212 4075 inluster,
1227 4010 1329 4061 asserit

249 4115 301 4170 pro
314 4096 435 4167 adserit,
453 4112 505 4157 etc.
521 4120 631 4177 semper
644 4104 805 4173 scribimus,
822 4122 885 4160 eum
902 4103 960 4158 haec
972 4099 1054 4157 verba
1067 4107 1188 4169 utroque
1199 4094 1284 4152 modo
1298 4096 1327 4150 in

248 4187 344 4242 codice
357 4190 458 4261 scripta
471 4193 536 4248 sint.
