3166 5280
256 438 317 499 37⁸
460 436 641 495 Hts'rottta
661 434 976 511 tuenstarlonls,
1001 454 1068 497 ma

252 565 325 639 tur,
345 552 441 647 cujus
464 548 520 622 die
533 549 717 637 natalitio,
737 565 773 622 et
789 547 856 621 sub
870 553 969 648 cujus
984 546 1148 647 reliquiis
1161 561 1290 647 gestum

253 694 325 740 esse
338 681 490 741 constat.
501 666 567 738 Sed
580 691 800 765 nequaquam
809 666 1016 737 sanctissimi
1026 680 1201 762 martyres
1209 664 1292 735 Mar·

251 784 398 857 cellinus
412 799 448 855 et
457 784 581 855 Petrus
594 781 748 879 ejusdem
764 782 881 879 operis
894 796 1032 855 exortes
1044 806 1117 854 esse
1132 792 1290 879 possunt,

250 900 287 969 in
305 922 460 998 quorum
477 896 617 969 basilica
636 910 815 994 patratum
834 911 904 983 est;
928 910 964 969 et
987 920 1078 995 quos
1103 896 1196 995 ipsa,
1218 918 1291 995 que

249 1028 369 1083 curata
387 1026 438 1085 est
459 1010 611 1099 femina,
635 1026 713 1084 toto
730 1011 1022 1109 peregrinationis
1035 1036 1109 1083 suae
1123 1024 1292 1109 tempore,

250 1142 292 1197 ut
305 1152 342 1197 se
355 1126 578 1224 adjuvarent,
598 1150 735 1224 semper
751 1126 941 1199 invocavit.

297 1242 359 1313 94.
379 1242 464 1313 Haec
479 1255 581 1327 sunt,
601 1266 683 1339 quae
699 1238 742 1313 de
755 1240 952 1312 innumeris
963 1240 1182 1314 Sanctorum
1192 1241 1295 1315 virtu·

250 1355 364 1445 tibus,
383 1370 444 1427 aut
462 1383 481 1427 a
498 1354 603 1431 nobis
626 1356 716 1442 visa,
736 1370 798 1427 aut
812 1354 971 1428 fidelium
992 1358 1110 1430 veraci
1127 1356 1294 1433 relatione

250 1487 431 1571 comperta
441 1525 453 1559 ,
473 1472 601 1545 litteris
624 1498 663 1544 ac
684 1473 866 1545 memoriae
880 1472 1046 1547 mandare
1059 1472 1292 1563 decrevimus5

249 1612 331 1685 quae
345 1586 477 1659 Christi
493 1586 711 1660 amatoribus
725 1614 764 1660 ac
779 1602 976 1685 martyrum
988 1593 1064 1687 ejus
1074 1590 1295 1665 veneratori·
1350 1670 1356 1683 ,

250 1702 317 1775 bus
345 1703 389 1775 ad
417 1702 607 1802 legendum
629 1718 727 1803 grata
751 1704 830 1778 fore
847 1730 922 1778 non
937 1702 1082 1805 ambigo
1101 1736 1111 1777 ε
1131 1706 1294 1807 quoniam

251 1816 344 1890 nibil
361 1817 410 1889 eis
427 1817 568 1889 videtur
581 1816 817 1915 impossibile,
837 1817 934 1917 quod
955 1832 996 1889 ut
1010 1818 1074 1891 fiat
1091 1818 1172 1893 Deo
1188 1820 1296 1895 omni·

251 1933 391 2030 potenti
410 1932 591 2029 placuerit.
603 1932 798 2006 incredulis
810 1949 979 2007 autemac
991 1949 1199 2009 sanctorum
1221 1934 1294 2035 glo-

252 2048 317 2119 riae
328 2047 600 2145 derogantibus,
619 2050 701 2147 quia
714 2047 891 2122 fastidiosa
908 2074 980 2123 esse
995 2074 1072 2123 nou
1092 2048 1242 2143 dubito,
1255 2076 1295 2125 ne

253 2162 405 2234 omnino
429 2162 545 2260 legere
567 2162 697 2251 velint,
719 2160 937 2235 suadendum
958 2188 1114 2237 censeo:
1143 2190 1191 2237 ne
1207 2162 1296 2241 sorte

254 2278 390 2351 vilitate
403 2278 517 2351 nostri
536 2278 708 2350 sermonis
727 2278 873 2367 offensi,
887 2276 1143 2377 blasphemiam
1155 2294 1193 2353 et
1207 2280 1294 2353 inri-

255 2391 410 2465 dentiam
429 2391 583 2466 devitare
599 2418 674 2467 non
694 2393 850 2483 valeant;
870 2420 909 2467 ac
928 2396 979 2467 sic
998 2394 1115 2469 Deum
1131 2410 1169 2469 et
1180 2395 1295 2495 proxi-

256 2534 355 2581 mum
364 2562 375 2598 ,
390 2535 481 2611 quos
497 2536 612 2584 amare
619 2508 806 2608 jubentur,
825 2537 860 2584 se
873 2511 986 2586 odisse
997 2510 1195 2585 declarent.
