3090 5302
380 428 436 486 198
602 422 785 488 HISTORIA
807 429 1123 505 TlllNSLA'l'lOMS,
1146 454 1204 494 tre.

374 560 491 618 essent
504 546 638 637 meriti,
651 572 759 646 quam
769 546 860 622 beati
873 551 1100 625 Marcellinus
1113 568 1149 626 et
1158 554 1286 626 Petrus
1299 585 1308 626 τ
1321 571 1357 628 et
1368 556 1434 630 boc

371 686 428 733 me
450 686 523 734 esse
544 661 786 751 crediturum,
811 691 893 738 cum
915 669 1074 766 primum
1095 670 1139 743 ad
1163 696 1220 744 me
1241 674 1433 746 nominum

371 779 516 851 illorum
535 780 664 852 notitia
679 784 909 879 pervenisset.
929 785 1093 885 Suscepit
1110 788 1170 861 ille
1182 815 1318 863 munus
1332 788 1434 863 obla-

369 909 467 985 tum,
502 912 608 996 atque
634 895 688 985 id,
714 912 757 968 ut
783 897 851 971 sibi
874 928 1081 999 persuasum
1105 919 1199 993 erat,
1225 920 1432 980 sanctorum

368 1012 571 1113 Martyrum
584 1014 798 1112 corporibus
816 1018 975 1090 sociavit.

802 1312 928 1371 CAPUT
951 1313 992 1374 ll.

364 1517 454 1575 Sacra
462 1515 589 1596 reliquie
598 1514 766 1596 perdiversa
776 1515 836 1573 loca
848 1514 948 1576 delntoe
956 1517 985 1575 in
995 1514 1419 1599 Micbilinstadt,etpostvarias

491 1617 614 1676 visiones
628 1616 658 1675 in
673 1615 859 1687 Muliulreim,
875 1631 971 1696 postea
985 1618 1177 1700 seligenstadt
1191 1618 1311 1681 dictam.

413 1842 472 1910 lb.
498 1838 594 1910 lnito
618 1836 770 1909 consilio
789 1860 872 1907 cum
893 1834 1033 1934 hospite
1050 1861 1134 1926 suo,
1159 1862 1299 1910 sacrum
1324 1836 1425 1913 illum

362 1979 402 2024 ac
425 1949 693 2025 desiderabilem
717 1949 940 2033 thesaurum,
966 1950 1002 2021 in
1028 1951 1170 2023 scriniis
1194 1948 1424 2027 reconditum

361 2084 468 2171 atque
491 2069 688 2167 signatum,
713 2092 778 2165 per
794 2069 1012 2140 Lunisonem
1038 2067 1187 2141 fratrem
1204 2070 1300 2169 ejus,
1325 2074 1426 2169 cujus

362 2187 523 2282 superins
538 2183 687 2256 fecimus
704 2183 948 2269 mentionem,
964 2208 1105 2256 necnon
1123 2199 1159 2256 et
1173 2182 1425 2286 presbyterum

361 2300 548 2387 Hildoini,
563 2298 625 2401 qui
641 2324 761 2371 secum
775 2315 939 2385 venerat,
959 2298 1103 2397 Papiam
1116 2326 1227 2400 usque
1240 2303 1423 2401 deportari

361 2418 460 2492 fecit.
490 2421 566 2517 lpse
585 2442 668 2489 cum
690 2415 814 2490 eodem
839 2413 978 2514 hospite
1001 2442 1066 2489 suo
1092 2420 1218 2491 Romae
1240 2416 1422 2506 substitit,

362 2536 553 2635 opperiens
567 2548 674 2634 atque
685 2532 887 2605 auscultans
901 2557 963 2631 per
975 2533 1168 2608 continuos
1181 2551 1317 2634 septem
1331 2536 1423 2623 dies,

360 2651 387 2722 si
398 2650 441 2723 de
453 2648 599 2722 sublatis
608 2663 814 2721 sanctorum
830 2646 1045 2746 corporibus
1055 2647 1190 2750 aliquid
1200 2648 1244 2722 ad
1258 2652 1424 2724 notitiam

360 2769 493 2841 civium
507 2767 738 2866 pervenisset.
754 2764 1215 2865 Cumquevidissetnullam
1228 2792 1248 2839 a
1259 2766 1425 2868 quolibet

361 2902 531 2959 extraneo
556 2885 600 2958 de
624 2884 692 2957 hoc
714 2884 810 2957 sacto
829 2882 904 2956 lieri
930 2882 1174 2973 mentionem,
1201 2883 1312 2958 latere
1335 2884 1424 2959 illud

359 3003 583 3086 existimans,
604 3014 684 3095 post
697 3024 776 3084 eos,
791 3024 883 3098 quos
896 3000 1133 3096 praemiserat,
1145 3014 1293 3101 sumpto
1305 3026 1425 3075 secum

361 3115 501 3215 hospite
517 3142 600 3202 suo,
615 3118 797 3214 proiectus
810 3129 876 3187 est.
892 3114 991 3205 Quos
1003 3140 1086 3187 cum
1097 3114 1236 3201 Ticini,
1250 3116 1347 3216 apud
1360 3115 1428 3190 lta-¹

360 3230 496 3303 silicam
519 3233 559 3303 B.
584 3229 757 3303 lobannis
782 3231 970 3328 Baptistae,
994 3256 1077 3331 qnae
1096 3231 1204 3331 vulgo
1225 3230 1423 3305 llomuanoe

360 3364 524 3437 vocatur,
548 3374 589 3421 ac
612 3365 699 3421 tunc
719 3376 761 3422 ex
780 3348 956 3423 besselicio
975 3374 1099 3448 regum
1115 3351 1158 3420 ad
1176 3375 1291 3423 meam
1310 3352 1424 3450 perti·

361 3469 445 3540 nuit
461 3482 693 3567 potestatem,
711 3466 903 3540 adventum
920 3490 1046 3540 eornm
1059 3464 1310 3565 praestolantes
1325 3469 1423 3543 inse·

360 3585 518 3670 nissent,
535 3597 738 3656 statuerunt
763 3585 869 3656 etiam
887 3597 929 3653 ut
950 3597 986 3655 et
1000 3583 1065 3680 ipsi
1079 3581 1219 3682 aliquot
1229 3580 1359 3657 diebus
1373 3581 1420 3655 ibi

359 3714 611 3786 morarentur,
631 3715 668 3772 et
685 3715 834 3798 propter
846 3703 1116 3798 jumentorum,
1140 3700 1176 3771 in
1203 3697 1340 3799 quibus
1360 3726 1423 3773 re·

359 3836 512 3910 nerant,
528 3818 782 3904 relectionem,
802 3833 838 3890 et
852 3832 1002 3916 propter
1015 3817 1149 3914 seipsos
1162 3813 1206 3887 ad
1220 3815 1420 3917 longiorem

360 3938 453 4009 viam
475 3936 739 4036 praeparandos.
1085 4017 1096 4039 ‘

412 4057 469 4127 13.
495 4054 535 4126 ln
564 4052 632 4127 lton
654 4077 839 4125 morarum
863 4076 1007 4122 suarum
1031 4049 1185 4123 articulo
1210 4048 1304 4121 [πω
1336 4050 1420 4123 exiit
1531 4082 1539 4103 ·

360 4169 492 4267 legatos
502 4185 633 4241 sanctae
645 4170 815 4241 llomanae
824 4166 988 4239 Ecclesiae
999 4194 1017 4238 a
1029 4164 1201 4264 pontifice
1213 4164 1258 4237 ad
1268 4166 1418 4265 impers-
