3166 5280
255 491 315 549 218
481 488 664 549 HISTORIA
686 488 1005 562 Tuanstttlottts,
1027 508 1089 552 erc.

255 632 321 679 nus
334 621 440 707 atque
449 610 570 705 jacens
588 606 722 680 coelum
736 607 890 706 aspicere
902 606 1142 707 nequivisset,
1160 606 1205 680 ad
1220 608 1314 684 lere-

255 738 351 796 trum
371 725 538 813 accessit3
558 750 598 796 ac
622 722 763 814 subito,
784 724 883 798 velut
907 722 952 797 ab
969 724 1090 825 aliquo
1112 725 1311 826 impulsus,

254 841 406 912 corruit.
421 841 585 941 Cumque
596 839 658 913 diu
673 840 772 913 velut
786 841 981 915 dormienti
994 842 1120 915 similis
1125 844 1311 942 jacuisset,

253 957 423 1029 correctis
441 954 611 1030 omnibus
625 955 814 1048 membris,
831 973 868 1030 et
883 972 1023 1056 recepta
1040 956 1214 1033 firmitate
1235 984 1314 1034 uer·

253 1098 400 1161 vorum,
415 1100 535 1148 coram
550 1074 663 1146 oculis
675 1076 807 1146 nostris
821 1076 978 1147 surrexit
989 1075 1196 1151 incolumis.
1212 1077 1314 1151 Facu

253 1206 338 1263 suot
351 1188 427 1263 haec
439 1191 580 1264 decimo
589 1207 690 1264 sexto
703 1191 869 1264 kalendas
879 1190 1093 1279 lebnrarias,
1108 1197 1315 1293 eteratejus

252 1309 322 1382 diei
340 1323 437 1381 tanta
455 1324 491 1382 et
512 1326 585 1381 tam
598 1309 690 1381 clara
704 1310 892 1397 serenitas,
908 1324 950 1380 ut
961 1309 1073 1381 aestivi
1087 1308 1315 1410 splendorum

252 1427 336 1502 solis
359 1427 581 1528 adaequaret3
605 1441 711 1527 atque
738 1427 847 1525 ipsius
876 1427 965 1499 aeris
987 1440 1059 1498 tam
1082 1426 1183 1500 ruitis
1211 1440 1316 1529 aque

247 1543 404 1642 jucunda
427 1543 686 1645 tranquillitas,
710 1559 748 1615 ut
779 1543 870 1616 veris
895 1542 1105 1641 temperiem
1129 1542 1316 1641 apricitate

252 1659 380 1733 blanda
399 1658 630 1758 praecederet.

301 2168 359 2235 2l.
389 2164 564 2237 Postridie
581 2191 665 2239 vero
691 2192 787 2237 sacra
805 2163 993 2239 beatorum
1007 2164 1216 2265 Martyrum
1231 2190 1317 2237 cor·

250 2307 337 2378 pora
360 2307 456 2356 novo
475 2281 595 2357 loculo
614 2280 820 2370 recondita,
847 2283 884 2353 in
900 2278 1019 2353 absida
1039 2278 1200 2355 basilicae
1219 2282 1316 2355 loca-

251 2396 386 2485 vimus;
419 2416 475 2488 et,
505 2398 598 2472 sicut
628 2400 666 2471 in
687 2398 836 2470 Francia
868 2423 945 2470 mos
977 2413 1054 2486 est,
1086 2397 1317 2499 superposito

252 2511 370 2612 ligneo
384 2513 564 2603 culmine,
580 2512 701 2587 linteis
718 2540 758 2585 ac
770 2512 890 2586 sericis
905 2511 1021 2611 palliis
1035 2510 1192 2585 ornandi
1203 2514 1315 2615 gratia

251 2631 495 2720 conteximus,
517 2645 738 2731 apponentes
750 2630 881 2723 altare;
900 2656 940 2701 ae
960 2628 1033 2701 duo
1050 2628 1180 2703 vexilla
1193 2626 1316 2705 dumi·

249 2749 342 2821 nicae
364 2750 553 2847 passionis,
571 2777 653 2851 quae
671 2750 707 2821 in
729 2746 784 2820 via
806 2744 981 2821 feretrum
998 2742 1203 2846 praecedere
1219 2745 1313 2823 sole-

250 2862 358 2952 bant,
379 2863 464 2939 hinc
486 2881 594 2968 atque
618 2864 699 2938 iude
716 2865 911 2965 erigentes,
929 2860 1048 2935 locum
1066 2860 1173 2935 illum
1185 2861 1315 2937 divinis

251 2980 374 3055 officiis
392 2981 631 3069 celebrandis,
656 3007 724 3079 pro
749 2979 897 3054 modulo
917 2978 1135 3079 paupertatis
1151 2994 1311 3069 uostrae,

251 3096 421 3170 idoneum
434 3115 540 3199 atque
557 3113 681 3196 aptum
696 3096 810 3170 lacere
826 3097 1050 3185 curavimus3
1066 3094 1313 3201 ordinatisque

252 3213 410 3300 clericis,
433 3216 494 3314 qui
525 3212 613 3286 inibi
643 3214 777 3288 assidue
805 3230 842 3287 ct
866 3211 1030 3287 excubias
1057 3212 1256 3305 ducerent,
1275 3241 1312 3289 ae

250 3328 380 3401 divinis
397 3329 558 3403 laudibus
571 3330 728 3404 dicendis
746 3358 867 3403 curam
884 3331 1034 3405 solerter
1047 3330 1307 3431 impenderent.

251 3448 321 3547 lpsi
339 3474 414 3521 non
431 3448 547 3522 solum
565 3466 687 3522 nostra
704 3465 851 3549 sponte,
871 3448 1051 3523 sedetiam
1069 3448 1180 3551 regali
1196 3448 1309 3551 diplo-

253 3580 367 3653 mate,
399 3565 496 3666 quod
523 3565 628 3642 nobis
656 3569 692 3640 in
723 3566 778 3639 via
798 3565 942 3640 obviam
963 3582 1130 3656 venerat,
1152 3566 1305 3655 evocati,

252 3684 410 3757 Domino
430 3685 498 3756 iter
522 3700 688 3756 nostrum
709 3702 961 3784 prosperante,
987 3682 1031 3756 ad
1054 3683 1229 3785 palatium
1251 3712 1307 3759 su·

252 3830 331 3875 mus
344 3830 427 3875 cum
447 3830 570 3905 magna
585 3802 807 3877 exultatione
824 3802 986 3903 regressi.
