3166 5280
258 428 319 485 280
488 423 673 485 HISTORIA
693 424 1011 503 Tutnsmttoltts,
1033 450 1096 493 nc.

257 569 297 612 ac
319 538 448 613 talibus
464 567 522 613 me
539 540 657 613 verbis
671 543 897 642 compellavit
913 576 921 615 :
941 578 959 615 ιι
970 544 1082 637 Vide,
1101 547 1246 647 inquit,
1261 548 1318 620 tt-

257 656 356 729 bricc
366 710 377 744 ,
397 671 439 727 ιιι
455 673 583 729 cuncta
595 684 677 757 quae
696 656 762 730 tibi
776 657 922 747 dixero,
941 659 1033 735 bene
1046 662 1246 763 intelligas,
1260 688 1317 737 ea-

256 798 328 871 que
345 771 433 845 adeo
450 773 562 845 tenaci
574 775 746 846 memoria
766 775 939 863 retineas,
956 793 997 848 ut
1019 778 1128 851 etiam
1138 777 1240 866 aliis,
1256 780 1316 879 qui

257 889 314 961 illa
328 889 499 987 scripturi
516 906 615 978 suut,
630 915 810 989 exponere
822 892 949 967 valeas.
962 894 1059 969 Volo
1075 894 1174 969 enim
1188 910 1228 967 nt
1239 896 1317 968 scri·

254 1005 407 1094 bantur,
430 1024 468 1080 et
496 1008 711 1083 llludowico
742 1009 949 1109 imperatori
974 1011 1017 1083 ad
1046 1011 1240 1113 legendum
1257 1038 1318 1113 per

254 1126 432 1199 seniorem
446 1141 605 1198 vestrum
619 1126 856 1200 ostendantur
871 1159 880 1199 :
899 1145 986 1201 sunt
996 1132 1130 1233 quippe
1143 1131 1246 1206 ratde
1260 1158 1318 1207 ne-

254 1242 400 1313 cessaria
417 1267 493 1314 non
510 1242 628 1315 solum
640 1242 684 1314 ad
695 1244 1006 1343 cognoscendum,
1022 1272 1146 1321 verum
1163 1246 1316 1321 etiamad

252 1356 458 1431 laciendum
489 1358 668 1459 principi,
696 1361 733 1431 in
759 1364 860 1459 cujus
887 1388 1042 1461 regnum
1060 1363 1117 1435 isti
1145 1362 1317 1463 Martyres

250 1476 369 1551 divina
381 1477 541 1576 jussione
555 1495 745 1552 venerunt.
762 1509 780 1547 ιι

298 1975 359 2046 48.
389 2002 406 2041 ιι
420 1973 526 2043 Tunc
545 1972 733 2071 incipiens,
747 1970 912 2045 duodena
925 1970 980 2045 vel
992 1996 1037 2045 eo
1053 1968 1208 2069 amplius
1225 1968 1317 2069 capi·

251 2089 322 2162 tuln
340 2090 582 2187 perordinem
593 2090 844 2187 pronuntiavit
853 2118 864 2177 ς
878 2087 1041 2190 mihique
1054 2087 1229 2187 praecepit
1241 2140 1252 2175 ,
1277 2100 1317 2157 ut

250 2205 315 2279 tibi
330 2223 367 2279 et
384 2207 462 2279 aliis
475 2222 646 2306 quatuor,
661 2232 752 2306 quos
773 2206 839 2279 tibi
862 2206 1024 2279 dicturus
1034 2231 1137 2293 sum,
1153 2204 1213 2277 illa
1227 2230 1319 2277 euu-

249 2348 385 2396 merem
402 2337 508 2422 atque
521 2349 697 2422 exponam
710 2353 721 2411 ς
735 2339 772 2396 et
782 2339 864 2423 post
874 2321 950 2397 haec
966 2338 1005 2395 tu
1017 2322 1184 2397 libellum
1197 2319 1318 2409 facias,

250 2467 404 2542 eumque
428 2441 563 2515 seniori
592 2455 679 2528 tuo,
697 2442 759 2541 qui
788 2466 887 2514 nunc
911 2441 949 2511 in
975 2439 1110 2539 palatio
1129 2454 1317 2525 motatur,

249 2558 404 2646 deferas3
425 2558 530 2659 eique
547 2586 590 2631 ex
604 2558 809 2658 Martyrum
825 2557 1039 2630 auctoritate
1053 2555 1264 2657 praecipias,
1279 2568 1321 2627 ut

251 2678 434 2764 eumdem,
453 2691 593 2777 quanto
614 2676 763 2749 celerius
787 2676 918 2774 possit,
948 2673 1157 2774 imperatori
1176 2674 1318 2747 offerat.

249 2791 387 2866 Deinde
402 2790 623 2891 subjungens
638 2822 645 2863 ι
669 2822 687 2860 ιι
698 2790 870 2877 Nostine,
892 2788 1133 2891 iuquit,·quis
1146 2814 1216 2889 ego
1228 2789 1320 2875 sim,

250 2911 312 3010 qui
328 2907 395 2980 tibi
407 2909 471 2979 ista
484 2905 828 3007 praecipiol—'l'um
839 2932 907 3006 ego
922 2904 1013 2978 nihil
1026 2904 1210 2993 haesitans,
1221 2930 1324 2978 sanc·

251 3042 330 3097 tum
342 3024 595 3097 Marcellinum
613 3050 696 3096 eum
711 3049 783 3097 esse
799 3022 983 3122 respondi.
996 3022 1108 3095 -Et
1122 3022 1184 3095 illc
1203 3054 1213 3095 ι
1237 3020 1323 3097 Νοιι

253 3143 299 3212 ita
318 3155 392 3225 est,
415 3140 535 3238 inquit
546 3191 556 3224 ,
583 3153 623 3210 ut
642 3139 823 3238 opinaris,
842 3136 904 3211 sed
918 3135 1063 3211 Gabriel
1084 3135 1325 3239 archangelus

251 3282 318 3355 ego
335 3282 438 3344 sum;
459 3280 722 3355 personamque
739 3282 779 3328 ac
796 3255 951 3329 sormam
970 3253 1169 3329 Marcellini
1186 3252 1324 3329 idcirco

252 3373 446 3470 assumpsi,
469 3373 551 3471 quia
577 3372 755 3444 Dominus
769 3374 866 3445 Deus
890 3372 1056 3444 omnium
1073 3396 1200 3444 rerum
1215 3386 1326 3473 atque

251 3516 436 3565 causarum
453 3488 497 3561 ad
517 3490 602 3561 istos
621 3490 799 3589 Martyres
812 3490 1072 3588 pertinentium
1086 3513 1213 3561 curam
1231 3486 1324 3563 milti

251 3606 454 3692 commisit3
473 3621 509 3678 et
522 3631 621 3677 nunc
639 3607 745 3694 veni,
766 3623 807 3677 ut
824 3605 901 3679 haec
924 3604 990 3679 tibi
1015 3604 1215 3677 indicarem
1239 3630 1326 3707 quar

250 3722 407 3799 scribere
429 3723 604 3823 praecepi,
632 3725 806 3825 quoniam
825 3724 958 3797 divinae
983 3723 1185 3797 voluntatis
1200 3739 1257 3799 est
1283 3738 1327 3796 ut

250 3868 288 3915 ea
303 3870 345 3916 ex
362 3840 577 3913 auctoritate
589 3864 717 3915 eorum
734 3838 776 3911 ad
793 3840 960 3913 notitiam
978 3838 1092 3939 regis,
1113 3838 1193 3913 sinc
1206 3866 1328 3915 mora·

250 3986 331 4031 rum
358 3957 654 4056 interpositione,
678 3958 904 4055 perveniant.
924 3958 956 4027 Τ
960 3984 981 4027 ιι
997 3980 1106 4044 vero,
1136 3956 1234 4027 sicut
1256 3952 1324 4029 tibi

249 4076 425 4175 praecepi,
443 4076 562 4173 primo
579 4074 739 4147 diluculo
752 4092 833 4172 post
856 4074 1077 4173 completum
1094 4074 1323 4147 matutinum

248 4196 423 4287 officium,
453 4194 579 4265 rruntia
608 4220 691 4293 qum
709 4192 837 4267 audisti
866 4192 918 4265 his
932 4190 1065 4292 quibus
1087 4217 1126 4264 ea
1147 4192 1325 4267 nuntiare
