3090 5302
606 451 804 515 trruunlx
827 453 955 514 PRIOR.
1141 476 1147 511 r
1255 457 1309 516 151

239 564 326 652 patri
342 561 414 645 lili,
429 563 487 632 Ille
505 566 638 637 humilis
652 570 701 638 illi
720 570 848 652 abbati,
867 573 901 637 in
918 571 1061 637 Domino
1083 572 1312 662 sempiternam

237 676 389 745 salutem.
409 717 454 731 -
468 682 544 749 Duo
565 686 652 752 enim
676 683 774 754 simul
799 702 910 753 nostro
929 700 1099 753 versantur
1119 689 1154 753 in
1180 687 1311 767 animo,

236 795 414 863 admiratio
428 797 577 867 videlicet
586 816 618 868 ct
627 804 769 886 tristitia,
780 828 894 894 quare,
908 804 985 893 quia
994 818 1194 894 postquama
1206 816 1311 869 restra

237 912 416 981 dilectione
433 939 589 1008 corpore,
607 944 672 986 non
689 935 815 1002 mente,
832 921 970 1011 separati
982 940 1114 999 sumus,
1131 941 1237 1008 neque
1254 942 1314 1009 par

236 1030 394 1112 missum,
408 1054 514 1123 neque
526 1057 585 1125 per
595 1034 769 1102 mellifluos
784 1037 892 1127 apices
903 1048 1039 1114 vestros,
1051 1032 1092 1100 de
1104 1031 1313 1099 desiderabili

235 1148 454 1236 prosperitate
482 1164 606 1230 vestra,
626 1174 745 1241 quam,
771 1152 842 1218 Deo
867 1165 963 1231 teste,
992 1172 1118 1239 semper
1142 1146 1256 1215 audire
1282 1161 1315 1213 et

235 1261 351 1329 ridere
368 1262 605 1347 desideramus,
624 1270 703 1335 certi
719 1269 802 1334 ellici
815 1267 1006 1333 meruimus.
1021 1265 1143 1331 Notum
1160 1263 1261 1352 igitur
1273 1262 1314 1328 sit

237 1381 405 1470 sapientie
420 1396 544 1464 vestras,
560 1385 730 1474 quoniam,
752 1411 771 1448 v
794 1383 860 1452 kat.
878 1384 1022 1474 augusti,
1041 1403 1169 1448 saumas
1188 1393 1313 1447 nostras

238 1497 388 1587 partibus
414 1499 527 1590 palatii
554 1500 695 1592 dirigere
721 1501 913 1594 dispositum
941 1501 1117 1580 habemus,
1138 1512 1170 1565 et
1186 1512 1310 1588 postea,

237 1628 373 1704 propter
394 1639 476 1707 opus
492 1617 648 1698 ecclesiae,
675 1633 739 1686 tres
756 1617 825 1686 dics
843 1633 947 1700 stare,
965 1640 1082 1708 casque
1098 1615 1311 1696 festinanter,

235 1727 377 1811 deinde,
399 1732 543 1799 Domino
567 1734 761 1816 auxiliante,
788 1737 879 1825 sequi
906 1734 1075 1815 volumus,
1099 1757 1136 1799 ca
1161 1729 1314 1797 videlicet

235 1844 384 1925 ratione,
402 1862 437 1912 ut
455 1873 536 1913 xr111
555 1848 618 1916 kal.
637 1849 826 1940 septembris
844 1849 885 1917 ad
897 1850 1103 1940 Moguntiam
1122 1870 1190 1914 esse
1205 1846 1311 1938 possi·

235 1985 322 2028 mus.
344 1964 446 2046 Nam,
463 1966 490 2031 si
504 1965 596 2031 robis
613 1964 790 2056 placuerit,
807 1967 891 2033 sicut
906 1964 1098 2055 dispositum
1114 1964 1258 2044 habetis,
1275 1975 1312 2027 ut

235 2099 297 2166 per
309 2102 368 2144 nos
382 2081 535 2161 veniatis,
553 2095 631 2147 tunc
644 2131 653 2163 ,
666 2081 845 2148 secundum
858 2079 1058 2147 voluntatem
1075 2094 1233 2159 vestram,
1251 2078 1312 2143 iter

236 2208 386 2261 nostrum
402 2195 573 2288 disponere
586 2198 755 2265 habemus.
773 2198 872 2266 Nulla
886 2200 973 2265 enim
988 2221 1084 2265 causa
1095 2212 1142 2264 cst
1154 2199 1186 2263 ct
1199 2196 1311 2285 coeptis

235 2312 353 2404 hisque
368 2338 427 2405 per
443 2314 570 2382 nullum
586 2318 755 2406 ingenium
771 2318 942 2383 immutare
955 2339 1136 2406 possumus,
1155 2315 1232 2405 quia
1249 2335 1310 2379 vo·

235 2427 394 2497 luntatem
407 2446 561 2514 vestram,
580 2435 614 2499 in
635 2447 812 2524 quantum,
828 2431 960 2498 Christo
980 2432 1129 2522 auspice,
1146 2429 1307 2508 valemus,

236 2544 333 2613 nobis
344 2545 506 2615 dimittere
516 2549 627 2616 saciat.
642 2549 778 2614 Fuimus
787 2571 926 2638 namque
934 2546 977 2614 ad
987 2546 1140 2614 locellum
1151 2559 1306 2620 vestrum,

236 2665 271 2729 in
286 2662 360 2730 loco
375 2666 432 2755 qui
446 2664 567 2731 dicitur
579 2665 651 2747 Ille,
665 2667 770 2757 ipsum
784 2688 932 2731 mansum
946 2662 1235 2742 consideravimus,
1249 2660 1308 2726 ibi·

235 2803 300 2869 que
318 2794 465 2847 nostrum
486 2796 650 2873 repastum
667 2805 705 2847 ex
721 2795 832 2847 nostro
850 2778 1010 2846 adducere
1026 2777 1258 2869 praecepimus,
1278 2790 1310 2842 et

234 2919 389 2964 unacum
410 2901 528 2965 nostris
544 2899 720 2989 vestrisque
737 2897 907 2978 fidelibus,
926 2899 960 2963 in
973 2920 1083 2963 amore
1099 2909 1225 2977 vestro,
1240 2894 1308 2961 illic

234 3146 433 3220 seligenstadt.
441 3150 586 3206 Toutesois
599 3150 619 3205 il
630 3150 789 3206 semblerait
797 3167 897 3204 encore
906 3165 979 3203 assez
990 3149 1104 3220 etrange
1113 3145 1199 3220 qu’un
1210 3144 1309 3200 bateau

235 3245 341 3317 charge
350 3245 385 3302 de
395 3249 548 3303 materians
559 3259 669 3320 pesants
678 3266 749 3321 pour
759 3266 790 3302 ce
799 3247 954 3301 monestere
965 3263 993 3300 se
1002 3244 1166 3300 incarceret
1176 3241 1309 3297 l’ernbou-

233 3344 324 3399 chure
341 3342 377 3399 de
391 3345 416 3399 la
430 3345 504 3419 Sieg,
524 3357 553 3401 et
571 3346 647 3401 n’erit
664 3363 711 3418 pas
729 3346 856 3399 remonte'
868 3343 894 3399 le
907 3343 985 3398 Rhin
998 3361 1037 3397 un
1052 3360 1105 3415 peu
1123 3339 1186 3414 plus
1199 3341 1269 3394 haut
1280 3350 1308 3393 et

234 3443 344 3496 ensuite
353 3441 379 3496 le
391 3444 466 3498 Mein
478 3444 588 3517 jusqu’ia
600 3460 629 3498 sa
642 3443 819 3498 dcstination.
833 3441 908 3497 C'est
920 3440 946 3495 la
960 3458 1016 3495 une
1026 3439 1164 3513 premiere
1176 3436 1309 3492 difficulte

236 3556 309 3610 pour
325 3539 464 3595 attribuer
480 3551 552 3596 cette
565 3540 647 3596 lettre
665 3544 680 3596 a
696 3528 854 3614 Eginhard;
877 3539 946 3594 mais
962 3555 1018 3592 une
1037 3547 1116 3593 autre
1135 3554 1163 3590 se
1182 3538 1310 3608 presente

236 3636 391 3703 ensuita,ct
403 3636 456 3691 elle
469 3648 511 3692 cst
522 3655 620 3692 encore
633 3637 695 3710 plus
707 3655 802 3710 grave:
815 3635 881 3690 c'est
890 3653 945 3708 que
954 3633 1073 3689 l'autcur
1083 3631 1118 3688 de
1128 3631 1154 3685 la
1164 3630 1245 3685 lettre
1255 3629 1306 3692 dit,

237 3748 271 3784 en
285 3731 396 3803 parlant
404 3732 442 3786 du
457 3743 554 3804 patron
566 3734 601 3788 de
614 3752 663 3789 son
676 3734 841 3800 monastere,
848 3733 999 3788 Dominum
1008 3749 1099 3785 mcum
1111 3737 1240 3783 sanctum
1248 3725 1307 3791 111,

239 3828 331 3884 tandin
344 3831 536 3905 qu’Eginhard
551 3832 670 3887 n’aurait
682 3850 729 3905 pas
746 3834 866 3905 manque'
878 3829 913 3885 de
925 3828 986 3884 dire
1001 3828 1136 3883 Donrinos
1148 3843 1222 3878 meos
1233 3832 1261 3876 et
1274 3821 1309 3874 dc
1411 3842 1412 3845 ¹

239 3925 365 3998 rappeler
376 3945 418 3981 ses
428 3927 500 3983 deux
512 3939 635 4001 patrous,
647 3930 674 3984 S.
687 3927 831 3984 Marcellin
843 3937 872 3982 ct
881 3928 909 3983 S.
924 3928 1028 3992 pierre,
1041 3923 1111 3978 dont
1123 3921 1143 3976 il
1155 3918 1231 3994 parle
1243 3929 1308 3973 tou·

236 4020 314 4089 jours
326 4023 554 4080 collectivemcnt‚
567 4028 590 4080 Α
602 4028 693 4080 moins
701 4024 774 4079 donc
787 4024 821 4079 dc
833 4041 966 4097 supposes
976 4023 1025 4088 ici,
1040 4036 1147 4074 comme
1160 4016 1308 4090 pluebant,

240 4133 294 4169 unc
308 4137 405 4173 cri-cur
416 4120 450 4174 dc
463 4124 576 4194 copistc,
593 4121 611 4175 il
624 4132 666 4176 cst
681 4122 735 4196 [ort
748 4120 870 4175 doutcux
884 4137 938 4193 quc
951 4128 1022 4172 cette
1036 4117 1117 4170 lettre
1130 4115 1183 4168 soit
1195 4099 1310 4185 ‹t’Egin-

242 4209 318 4264 hard.
