3166 5280
263 464 320 522 132
580 462 769 523 struatur
796 461 1000 523 EPlSTOLAE.

259 598 295 655 et
309 608 369 655 eos
384 583 427 654 de
442 583 525 680 ipsis
540 582 721 656 beneficiis
733 584 900 682 adjuvare
913 584 1104 657 deberetis.
1119 583 1300 657 Certissime

259 697 402 772 conlido
418 699 516 799 quod
538 701 574 772 in
594 699 662 774 hoc
678 718 713 773 et
732 705 848 774 Deum
865 717 902 775 et
922 716 1065 775 sanctos
1082 704 1158 800 ejus
1175 725 1304 801 prome·

257 823 327 889 reri
342 815 519 905 debeatis,
539 820 565 889 si
587 846 644 893 me
667 821 741 893 voti
762 821 832 893 mei
853 837 1062 919 compotem
1081 819 1119 891 in
1139 818 1205 891 hac
1221 844 1306 891 causa

255 936 390 1009 efficere
411 935 621 1035 dignamini.
648 941 737 1011 ltem
756 964 846 1038 rogo
869 954 909 1009 ut
932 939 1091 1039 cogitare
1106 954 1217 1038 atque
1231 962 1308 1035 pen·

254 1078 330 1123 sare
346 1049 543 1151 dignemini
568 1079 650 1152 quae
675 1080 809 1127 merces
827 1080 890 1129 vos
908 1053 1001 1152 apud
1020 1053 1136 1127 Deum
1160 1066 1308 1137 manent,

254 1183 290 1239 et
315 1167 389 1239 laus
415 1194 535 1242 coram
561 1170 681 1244 seculo
706 1168 809 1245 vobis
835 1172 1014 1243 adcrescat
1037 1170 1086 1258 si,
1112 1196 1179 1270 per
1201 1194 1261 1243 vos
1281 1182 1313 1241 et

256 1284 293 1354 in
306 1281 433 1356 diebus
444 1284 586 1373 vestris,
602 1285 702 1358 loeus
711 1286 948 1387 requietionis
961 1300 1173 1358 sanctorum
1184 1284 1314 1383 Marty-

253 1427 353 1488 rum,
375 1415 446 1474 tam
466 1403 503 1475 in
522 1402 681 1475 aedificiis
697 1430 805 1504 quam
821 1404 857 1476 in
874 1403 951 1475 aliis
969 1401 1177 1476 necessariis
1193 1398 1313 1486 rebus,

251 1518 363 1591 fuerit
379 1537 505 1593 auctus
515 1576 525 1609 ,
544 1540 693 1596 ornatus
712 1540 749 1598 et
771 1522 955 1609 excultus,
972 1537 1013 1592 ut
1031 1520 1141 1593 etiam
1159 1536 1317 1593 exstnm

253 1637 304 1709 tio
322 1640 396 1734 ejus
410 1639 551 1711 nomini
566 1656 686 1713 vestro
704 1637 942 1725 adscribatur,
959 1636 1140 1738 simulque
1156 1652 1192 1711 et
1208 1652 1316 1711 vestm

250 1770 286 1826 et
306 1757 513 1856 Martyrum
527 1762 701 1830 memoria
718 1785 782 1832 ore
791 1758 957 1832 omnium
974 1755 1218 1856 populorum,
1236 1782 1319 1855 per-

251 1885 357 1969 petua
368 1874 568 1962 mentione,
586 1873 801 1948 celebretur.
822 1873 877 1946 Ad
890 1888 1094 1947 extremum
1104 1896 1198 1971 rogo
1211 1885 1249 1945 et
1259 1868 1319 1945 ob-

250 1993 331 2061 nixe
357 1987 532 2087 deprecor
559 2017 726 2090 magnam
753 1989 1066 2063 mansuetudinem
1091 2004 1252 2062 vestram
1280 2004 1318 2059 ut

250 2132 359 2203 super
370 2132 428 2179 me
440 2108 613 2180 miserum
630 2126 666 2180 et
684 2124 909 2209 peccatorem
918 2161 928 2194 ,
940 2110 1015 2206 jam
1030 2132 1154 2180 senem
1172 2122 1209 2181 et
1225 2102 1318 2177 valde

251 2222 458 2312 infirmum,
481 2224 764 2298 misericorditer
780 2252 820 2297 ac
838 2225 895 2325 pie
911 2223 1089 2322 respicere
1101 2220 1315 2323 dignemini,

250 2356 320 2413 eta
340 2340 436 2412 curis
456 2339 675 2412 secularibus
693 2338 900 2413 absolutum
922 2365 963 2411 ac
980 2336 1139 2412 liberum
1163 2336 1245 2411 fieri
1270 2336 1317 2409 ls-

253 2456 372 2546 ciatis,
394 2481 523 2558 meque
542 2455 781 2555 permittatis,
809 2456 845 2528 in
865 2480 952 2553 pace
976 2467 1013 2527 et
1035 2452 1316 2553 tranquillitate,

247 2579 349 2673 juxta
364 2572 526 2674 sepulcra
545 2571 736 2646 beatorum
749 2570 882 2643 Christi
902 2571 1127 2671 Martyrum,
1142 2582 1318 2669 patrono-

251 2719 335 2766 rum
358 2690 525 2766 videlicet
550 2707 775 2778 vestrorum,
801 2686 868 2761 sub
892 2684 1103 2760 defensione
1125 2699 1266 2777 vestra,
1284 2685 1318 2757 in

251 2807 461 2884 corumdem
487 2824 695 2880 sanctorum
722 2802 919 2904 obsequio,
948 2818 985 2877 et
1007 2802 1072 2876 Dei
1104 2826 1146 2875 ac
1173 2800 1318 2877 Domini

252 2927 368 3002 nostri
381 2927 463 2999 Jesu
480 2924 614 2997 Christi
633 2923 782 2996 servitio
798 2921 1014 3012 consistere,
1028 2937 1072 2992 ut
1087 2944 1148 2994 me
1164 2918 1227 2993 ills
1244 2920 1318 2993 ine-

252 3040 409 3114 vitabilis
431 3056 539 3141 atque
561 3041 687 3113 ultima
710 3040 804 3127 dies,
827 3066 909 3141 quae
933 3037 1017 3111 huic
1038 3037 1160 3127 aetati,
1188 3038 1229 3111 in
1253 3062 1319 3139 qus

254 3157 363 3232 modo
388 3159 607 3230 constitutus
628 3182 727 3245 sum,
752 3155 941 3230 succedere
957 3154 1069 3241 solet,
1087 3179 1167 3229 non
1184 3154 1319 3228 transi-

255 3275 357 3347 toriis
371 3300 411 3346 ac
423 3274 649 3373 supervacuis
668 3280 765 3346 curis
781 3287 1012 3373 occupatum,
1026 3269 1087 3345 sed
1102 3269 1229 3370 potius
1239 3296 1320 3345 ora-

255 3393 346 3468 tioni
362 3419 401 3464 ac
412 3392 560 3465 lectioni
573 3407 772 3481 vacantem,
788 3409 896 3492 atque
911 3392 949 3462 in
965 3389 1099 3463 divinae
1112 3388 1202 3489 legis
1215 3388 1320 3463 medi·

256 3510 392 3583 tatione
412 3510 647 3610 cogitationes
664 3534 760 3585 meas
777 3524 1021 3596 exercentem,
1039 3505 1216 3580 inveniat.
