3090 5302
236 427 296 489 26⁴
462 427 645 488 HISTORIA
666 427 987 503 Tutustfflouts,
1007 451 1068 493 tre.

235 545 486 620 miserabiliter
509 558 737 618 contractum
761 560 801 615 ut
823 562 947 618 mento
964 572 1081 646 genua
1100 551 1293 648 jungeren-

236 679 308 735 tur.
324 662 394 755 Qui
412 687 550 752 uuum,
567 687 610 734 cx
627 658 681 733 bis
696 663 759 762 qui
773 688 840 736 nos
856 663 1123 764 sequebantur,
1142 668 1291 766 rogavit,

232 797 275 853 ut
296 807 331 853 se
359 781 397 852 in
419 779 602 853 ecclesiam
623 779 831 879 deportaret
840 811 851 869 ς
887 797 924 855 et
952 783 1030 872 ille,
1056 783 1293 859 misericordia

233 912 375 984 motus,
391 894 535 968 sustulit
552 922 652 983 eum,
671 913 708 968 et
726 897 761 969 in
781 897 925 971 ecclesia
937 905 1040 998 juxta
1057 899 1237 975 cancellos
1248 905 1295 999 js·

232 1040 313 1088 cere
329 1014 428 1087 lecit.
452 1013 522 1107 Qui
548 1013 738 1088 confestim
756 1015 917 1089 irruente
940 1042 1070 1115 sopore
1077 1070 1088 1103 ,
1109 1014 1174 1090 ubi
1189 1018 1296 1117 jacuit

233 1132 480 1220 obdormivit;
501 1157 568 1204 nec
590 1133 690 1232 prius
703 1131 884 1231 evigilavit
907 1135 1031 1232 plene,
1053 1161 1164 1236 quam
1179 1134 1226 1211 de
1241 1134 1295 1209 illa

232 1248 426 1324 miserabili
442 1249 713 1336 contractione,
732 1275 795 1347 per
815 1250 980 1350 suffragia
1000 1252 1234 1339 Sanctorum,
1253 1252 1296 1325 ita

232 1367 389 1467 perfecte
407 1381 548 1438 sanatus
567 1383 640 1451 est,
662 1383 703 1438 ut
720 1366 892 1466 evigilans
918 1395 1060 1467 perse,
1083 1370 1129 1444 de
1153 1370 1237 1444 loco
1262 1372 1296 1443 in

231 1507 341 1585 quem
353 1481 425 1556 alio
441 1496 610 1581 portante
626 1480 761 1554 delatus
774 1497 848 1573 est,
863 1499 1045 1583 surgeret,
1064 1484 1231 1586 atquead
1246 1485 1297 1559 al·

232 1616 308 1673 tare
322 1603 397 1674 Deo
413 1601 543 1699 gratias
556 1615 700 1671 acturus
716 1601 912 1674 accederet.
934 1603 967 1674 ls
983 1616 1125 1689 lamen,
1145 1600 1208 1674 ubi
1228 1601 1296 1677 diet

234 1717 375 1808 illuxit,
396 1733 434 1791 et
449 1743 516 1791 nos
537 1743 620 1789 cum
637 1742 680 1790 co
699 1717 798 1816 loqui
817 1719 1021 1815 potuimus,
1040 1720 1168 1794 retulit
1184 1745 1222 1793 se
1234 1720 1297 1793 tri·

231 1832 302 1906 bus
317 1830 475 1920 vicibus,
500 1833 710 1932 priusquam
728 1835 873 1932 signum
893 1834 1052 1908 ecclesioe
1066 1836 1296 1926 sonuisset,a

234 1951 390 2053 quodam
402 1949 471 2023 sibi
490 1953 617 2050 ignoto
632 1949 766 2023 clerico
777 1952 988 2039 excitatum,
1004 1968 1114 2052 atquc
1130 1951 1297 2028 admoni-

189 2160 192 2167 Ι
236 2085 316 2142 tum
352 2085 392 2141 ut
425 2094 652 2167 nequaquam
690 2070 985 2168 praetermitteret
1014 2071 1105 2170 quin
1139 2085 1297 2172 tempore

234 2188 404 2260 matutini
421 2186 527 2261 officii
544 2187 580 2257 in
599 2187 781 2259 ecclesiam
795 2188 947 2263 veniret.
963 2188 1009 2261 Se
1022 2212 1170 2289 quoquc
1188 2187 1298 2262 itale-

236 2305 344 2390 cisse,
363 2327 402 2375 ac
421 2319 565 2402 postea,
585 2303 678 2374 sicut
700 2328 765 2375 nos
789 2303 963 2391 vidimus,
985 2304 1023 2377 in
1048 2304 1195 2379 ecclesia
1210 2302 1298 2378 dor·

235 2422 408 2495 mientem
421 2419 596 2520 integram
607 2419 660 2490 sui
674 2421 837 2518 corporis
849 2420 1038 2495 sanitatem
1049 2421 1240 2521 recepisse.
1252 2420 1298 2495 lu

236 2534 1295 2638 hicquidemannorumcirciterquindccimessevidebatur.

285 2779 346 2849 42.
373 2773 493 2847 Alium
505 2772 808 2861 itidemvidimus,
820 2796 897 2846 non
911 2796 1078 2871 puerum,
1090 2769 1201 2845 utlaio
1211 2788 1295 2860 ent,

236 2894 297 2970 sed
314 2890 413 2965 valde
431 2916 552 2965 senem
569 2906 676 2990 atque
695 2889 939 2989 decrepitum,
957 2889 1034 2988 pari
1047 2887 1182 2964 morbo
1196 2888 1299 2963 affec-

238 3028 336 3095 tum,
349 3005 505 3081 eodem
498 3031 534 3077 ιιι
553 3005 655 3091 loco,
673 3004 781 3076 simili
806 3002 935 3092 modo,
953 3003 1092 3076 simili
1082 3029 1121 3076 ιιι
1140 3017 1299 3104 tempore

237 3140 415 3197 curatum.
433 3120 550 3215 Quem
566 3136 603 3193 et
618 3120 734 3219 ipsum
747 3135 852 3192 nocte
863 3117 1040 3219 quadam,
1053 3131 1299 3219 cumproptcr

237 3239 457 3314 matutinum
473 3237 629 3312 officium
649 3234 904 3311 celebrandum
918 3234 960 3309 ad
988 3236 1124 3309 ostium
1146 3236 1299 3313 ecclesie

240 3358 477 3441 venissemus,
502 3355 537 3426 in
563 3355 641 3453 ipso
666 3354 793 3428 limine
819 3354 1031 3453 reperimus.
1051 3352 1124 3447 Qui
1150 3352 1299 3454 genibus

239 3479 377 3562 nitens,
391 3470 533 3547 duobus
552 3499 588 3546 se
606 3471 742 3545 baculis
757 3469 999 3560 sustentabat,
1015 3497 1057 3544 ac
1075 3471 1128 3544 sic
1145 3470 1211 3548 illo
1227 3489 1299 3547 tao·

238 3595 386 3669 dissime
397 3606 501 3665 motu
514 3590 558 3662 ad
576 3588 850 3690 ingrediendum
863 3614 930 3663 nos
952 3585 1176 3663 morabatur.
1188 3589 1298 3664 θυιιι-

239 3739 310 3814 quc
326 3724 409 3811 post
434 3723 575 3809 tergum
596 3709 671 3808 ejus
694 3707 901 3796 constituti,
931 3705 1029 3779 illam
1057 3706 1198 3807 pigram
1220 3732 1298 3809 pro

239 3832 438 3906 motionem
452 3827 757 3927 praestolaremur,
770 3841 867 3898 tenta
882 3825 1077 3899 suavissimi
1095 3826 1221 3901 odoris
1234 3825 1299 3901 ln-

240 3947 392 4047 grantia,
409 3943 452 4016 de
463 3941 604 4015 basilica
622 3941 838 4041 procedens,
853 3966 956 4015 nares
972 3954 1113 4014 nostras
1125 3940 1296 4042 implerit,

240 4083 281 4138 ut
308 4064 472 4139 omnium
491 4076 693 4134 aromatum
715 4085 756 4132 ac
779 4058 1056 4160 thymiamatum
1073 4056 1298 4134 artificiosam

240 4179 538 4278 compositionem
551 4202 610 4249 sua
625 4175 832 4274 praestantia
842 4189 1039 4275 superaret.
1059 4175 1214 4249 latravit
1225 4188 1299 4249 tau·
