<?xml version="1.0" encoding="UTF-8"?>
<!DOCTYPE html PUBLIC "-//W3C//DTD XHTML 1.0 Transitional//EN"
    "http://www.w3.org/TR/xhtml1/DTD/xhtml1-transitional.dtd">
<html xmlns="http://www.w3.org/1999/xhtml" xml:lang="en" lang="en">
 <head>
  <title>
</title>
<meta http-equiv="Content-Type" content="text/html;charset=utf-8" />
  <meta name='ocr-system' content='tesseract 3.04.00' />
  <meta name='ocr-capabilities' content='ocr_page ocr_carea ocr_par ocr_line ocrx_word'/>
</head>
<body>
  <div class='ocr_page' id='page_1' title='image "./einhardiomniaqu00einhgoog_0293.png"; bbox 0 0 3166 5280; ppageno 0'>
   <div class='ocr_carea' id='block_1_1' title="bbox 257 470 1329 699">
    <p class='ocr_par' dir='ltr' id='par_1_1' title="bbox 257 470 1329 699">
     <span class='ocr_line' id='line_1_1' title="bbox 257 470 1098 547; baseline -0.001 -13"><span class='ocrx_word' id='word_1_1' title='bbox 257 475 318 535; x_wconf 77' lang='lat'>276</span> <span class='ocrx_word' id='word_1_2' title='bbox 487 470 672 533; x_wconf 80' lang='lat' dir='ltr'>HISTORIA</span> <span class='ocrx_word' id='word_1_3' title='bbox 692 470 1014 547; x_wconf 78' lang='lat' dir='ltr'>TRletlTlottts,</span> <span class='ocrx_word' id='word_1_4' title='bbox 1036 492 1098 537; x_wconf 69' lang='lat' dir='ltr'>stc.</span> 
     </span>
     <span class='ocr_line' id='line_1_2' title="bbox 257 590 1329 699; baseline 0.003 -33"><span class='ocrx_word' id='word_1_5' title='bbox 257 593 467 667; x_wconf 88' lang='lat' dir='ltr'>erastinum.</span> <span class='ocrx_word' id='word_1_6' title='bbox 491 590 544 665; x_wconf 76' lang='lat' dir='ltr'>Ac</span> <span class='ocrx_word' id='word_1_7' title='bbox 565 619 680 666; x_wconf 86' lang='lat' dir='ltr'>caecus</span> <span class='ocrx_word' id='word_1_8' title='bbox 705 594 764 667; x_wconf 90' lang='lat' dir='ltr'>ille</span> <span class='ocrx_word' id='word_1_9' title='bbox 789 599 930 694; x_wconf 89' lang='lat' dir='ltr'>jussum</span> <span class='ocrx_word' id='word_1_10' title='bbox 952 620 1150 695; x_wconf 84' lang='lat' dir='ltr'>pauperem</span> <span class='ocrx_word' id='word_1_11' title='bbox 1175 598 1329 699; x_wconf 71' lang='lat' dir='ltr'>perqui-</span> 
     </span>
    </p>
   </div>
   <div class='ocr_carea' id='block_1_2' title="bbox 253 709 1327 1044">
    <p class='ocr_par' dir='ltr' id='par_1_2' title="bbox 253 709 1327 1044">
     <span class='ocr_line' id='line_1_3' title="bbox 254 709 1327 813; baseline 0.005 -31"><span class='ocrx_word' id='word_1_12' title='bbox 254 737 337 783; x_wconf 88' lang='lat' dir='ltr'>rens</span> <span class='ocrx_word' id='word_1_13' title='bbox 359 709 499 783; x_wconf 85' lang='lat' dir='ltr'>invenit</span> <span class='ocrx_word' id='word_1_14' title='bbox 508 737 520 797; x_wconf 79' lang='lat'>3</span> <span class='ocrx_word' id='word_1_15' title='bbox 540 725 593 795; x_wconf 90' lang='lat' dir='ltr'>et,</span> <span class='ocrx_word' id='word_1_16' title='bbox 615 725 656 781; x_wconf 90' lang='lat' dir='ltr'>ut</span> <span class='ocrx_word' id='word_1_17' title='bbox 673 709 740 782; x_wconf 93' lang='lat' dir='ltr'>sibi</span> <span class='ocrx_word' id='word_1_18' title='bbox 757 726 978 811; x_wconf 84' lang='lat' dir='ltr'>praeeeptum</span> <span class='ocrx_word' id='word_1_19' title='bbox 991 728 1089 805; x_wconf 85' lang='lat' dir='ltr'>erat,</span> <span class='ocrx_word' id='word_1_20' title='bbox 1106 712 1146 785; x_wconf 94' lang='lat' dir='ltr'>in</span> <span class='ocrx_word' id='word_1_21' title='bbox 1159 714 1327 813; x_wconf 86' lang='lat' dir='ltr'>superio-</span> 
     </span>
     <span class='ocr_line' id='line_1_4' title="bbox 253 826 1323 931; baseline 0.001 -31"><span class='ocrx_word' id='word_1_22' title='bbox 253 827 354 901; x_wconf 88' lang='lat' dir='ltr'>ribus</span> <span class='ocrx_word' id='word_1_23' title='bbox 367 828 523 902; x_wconf 68' lang='lat' dir='ltr'>eeclesiae</span> <span class='ocrx_word' id='word_1_24' title='bbox 536 826 698 927; x_wconf 85' lang='lat' dir='ltr'>partibus</span> <span class='ocrx_word' id='word_1_25' title='bbox 704 832 805 927; x_wconf 75' lang='lat' dir='ltr'>juxta</span> <span class='ocrx_word' id='word_1_26' title='bbox 821 828 1007 927; x_wconf 85' lang='lat' dir='ltr'>praedietas</span> <span class='ocrx_word' id='word_1_27' title='bbox 1017 829 1208 931; x_wconf 79' lang='lat' dir='ltr'>reliquias,</span> <span class='ocrx_word' id='word_1_28' title='bbox 1221 830 1323 905; x_wconf 85' lang='lat' dir='ltr'>officii</span> 
     </span>
     <span class='ocr_line' id='line_1_5' title="bbox 253 946 1324 1044; baseline 0.001 -25"><span class='ocrx_word' id='word_1_29' title='bbox 253 946 422 1019; x_wconf 87' lang='lat' dir='ltr'>matutini</span> <span class='ocrx_word' id='word_1_30' title='bbox 443 964 624 1044; x_wconf 89' lang='lat' dir='ltr'>tempore,</span> <span class='ocrx_word' id='word_1_31' title='bbox 642 946 845 1020; x_wconf 87' lang='lat' dir='ltr'>collocarit.</span> <span class='ocrx_word' id='word_1_32' title='bbox 870 947 985 1019; x_wconf 80' lang='lat' dir='ltr'><strong>Erant</strong></span> <span class='ocrx_word' id='word_1_33' title='bbox 1002 962 1122 1021; x_wconf 90' lang='lat' dir='ltr'>autem</span> <span class='ocrx_word' id='word_1_34' title='bbox 1146 948 1222 1023; x_wconf 80' lang='lat' dir='ltr'>illae</span> <span class='ocrx_word' id='word_1_35' title='bbox 1242 948 1324 1023; x_wconf 74' lang='lat' dir='ltr'>tuli·</span> 
     </span>
    </p>
   </div>
   <div class='ocr_carea' id='block_1_3' title="bbox 116 1062 1320 1167">
    <p class='ocr_par' dir='ltr' id='par_1_3' title="bbox 116 1062 1320 1167">
     <span class='ocr_line' id='line_1_6' title="bbox 116 1062 1320 1167; baseline 0.007 -34"><span class='ocrx_word' id='word_1_36' title='bbox 116 1114 121 1125; x_wconf 85' lang='lat'><em>.</em></span> <span class='ocrx_word' id='word_1_37' title='bbox 252 1067 350 1167; x_wconf 77' lang='lat' dir='ltr'>quire</span> <span class='ocrx_word' id='word_1_38' title='bbox 358 1120 368 1154; x_wconf 91' lang='lat'>,</span> <span class='ocrx_word' id='word_1_39' title='bbox 384 1065 483 1166; x_wconf 92' lang='lat' dir='ltr'>quod</span> <span class='ocrx_word' id='word_1_40' title='bbox 497 1065 660 1138; x_wconf 91' lang='lat' dir='ltr'>nondum</span> <span class='ocrx_word' id='word_1_41' title='bbox 673 1092 908 1153; x_wconf 82' lang='lat' dir='ltr'>noveramus,</span> <span class='ocrx_word' id='word_1_42' title='bbox 922 1062 1016 1139; x_wconf 89' lang='lat' dir='ltr'>beati</span> <span class='ocrx_word' id='word_1_43' title='bbox 1026 1066 1134 1139; x_wconf 83' lang='lat' dir='ltr'>Marii</span> <span class='ocrx_word' id='word_1_44' title='bbox 1144 1066 1320 1165; x_wconf 62' lang='lat' dir='ltr'>mannis,</span> 
     </span>
    </p>
   </div>
   <div class='ocr_carea' id='block_1_4' title="bbox 249 1180 1360 3860">
    <p class='ocr_par' dir='ltr' id='par_1_4' title="bbox 249 1180 1360 3860">
     <span class='ocr_line' id='line_1_7' title="bbox 252 1180 1319 1282; baseline 0 -27"><span class='ocrx_word' id='word_1_45' title='bbox 252 1197 288 1255; x_wconf 89' lang='lat' dir='ltr'>et</span> <span class='ocrx_word' id='word_1_46' title='bbox 305 1182 428 1255; x_wconf 85' lang='lat' dir='ltr'>uxoris</span> <span class='ocrx_word' id='word_1_47' title='bbox 439 1208 480 1254; x_wconf 86' lang='lat' dir='ltr'>ae</span> <span class='ocrx_word' id='word_1_48' title='bbox 490 1181 651 1254; x_wconf 88' lang='lat' dir='ltr'>filiorum</span> <span class='ocrx_word' id='word_1_49' title='bbox 664 1186 760 1282; x_wconf 87' lang='lat' dir='ltr'>ejus,</span> <span class='ocrx_word' id='word_1_50' title='bbox 775 1181 930 1255; x_wconf 88' lang='lat' dir='ltr'>Marthae</span> <span class='ocrx_word' id='word_1_51' title='bbox 941 1180 1129 1273; x_wconf 83' lang='lat' dir='ltr'>videlicet,</span> <span class='ocrx_word' id='word_1_52' title='bbox 1143 1182 1319 1257; x_wconf 72' lang='lat' dir='ltr'>audifacis</span> 
     </span>
     <span class='ocr_line' id='line_1_8' title="bbox 251 1297 1318 1401; baseline 0.001 -28"><span class='ocrx_word' id='word_1_53' title='bbox 251 1313 287 1373; x_wconf 88' lang='lat' dir='ltr'>et</span> <span class='ocrx_word' id='word_1_54' title='bbox 306 1297 483 1371; x_wconf 87' lang='lat' dir='ltr'>llabacue.</span> <span class='ocrx_word' id='word_1_55' title='bbox 508 1299 599 1393; x_wconf 66' lang='lat' dir='ltr'>Quae</span> <span class='ocrx_word' id='word_1_56' title='bbox 619 1299 745 1401; x_wconf 85' lang='lat' dir='ltr'>utique</span> <span class='ocrx_word' id='word_1_57' title='bbox 762 1300 870 1372; x_wconf 90' lang='lat' dir='ltr'>simul</span> <span class='ocrx_word' id='word_1_58' title='bbox 893 1326 977 1372; x_wconf 92' lang='lat' dir='ltr'>cum</span> <span class='ocrx_word' id='word_1_59' title='bbox 994 1316 1207 1377; x_wconf 85' lang='lat' dir='ltr'>sanctorum</span> <span class='ocrx_word' id='word_1_60' title='bbox 1223 1302 1318 1375; x_wconf 79' lang='lat' dir='ltr'>lilar-</span> 
     </span>
     <span class='ocr_line' id='line_1_9' title="bbox 253 1414 1315 1514; baseline 0.004 -27"><span class='ocrx_word' id='word_1_61' title='bbox 253 1415 372 1488; x_wconf 88' lang='lat' dir='ltr'>cellini</span> <span class='ocrx_word' id='word_1_62' title='bbox 388 1430 424 1488; x_wconf 89' lang='lat' dir='ltr'>et</span> <span class='ocrx_word' id='word_1_63' title='bbox 439 1418 537 1489; x_wconf 88' lang='lat' dir='ltr'>Petri</span> <span class='ocrx_word' id='word_1_64' title='bbox 557 1414 791 1514; x_wconf 82' lang='lat' dir='ltr'><strong>corporibus,</strong></span> <span class='ocrx_word' id='word_1_65' title='bbox 810 1432 846 1489; x_wconf 91' lang='lat' dir='ltr'>et</span> <span class='ocrx_word' id='word_1_66' title='bbox 863 1417 900 1489; x_wconf 94' lang='lat' dir='ltr'>in</span> <span class='ocrx_word' id='word_1_67' title='bbox 923 1416 1050 1490; x_wconf 88' lang='lat' dir='ltr'>eodem</span> <span class='ocrx_word' id='word_1_68' title='bbox 1064 1417 1190 1493; x_wconf 86' lang='lat' dir='ltr'>loculo</span> <span class='ocrx_word' id='word_1_69' title='bbox 1204 1417 1315 1491; x_wconf 75' lang='lat' dir='ltr'>adnot</span> 
     </span>
     <span class='ocr_line' id='line_1_10' title="bbox 250 1531 1314 1633; baseline 0 -28"><span class='ocrx_word' id='word_1_70' title='bbox 250 1532 398 1630; x_wconf 75' lang='lat' dir='ltr'>perlatae</span> <span class='ocrx_word' id='word_1_71' title='bbox 413 1549 512 1605; x_wconf 89' lang='lat' dir='ltr'>sunt.</span> <span class='ocrx_word' id='word_1_72' title='bbox 527 1533 595 1605; x_wconf 90' lang='lat' dir='ltr'>Sed</span> <span class='ocrx_word' id='word_1_73' title='bbox 615 1533 642 1603; x_wconf 95' lang='lat' dir='ltr'>is</span> <span class='ocrx_word' id='word_1_74' title='bbox 659 1533 722 1633; x_wconf 85' lang='lat' dir='ltr'>qui</span> <span class='ocrx_word' id='word_1_75' title='bbox 740 1559 797 1605; x_wconf 88' lang='lat' dir='ltr'>eas</span> <span class='ocrx_word' id='word_1_76' title='bbox 810 1531 959 1619; x_wconf 86' lang='lat' dir='ltr'>detulit,</span> <span class='ocrx_word' id='word_1_77' title='bbox 978 1535 1079 1633; x_wconf 83' lang='lat' dir='ltr'>eujus</span> <span class='ocrx_word' id='word_1_78' title='bbox 1097 1550 1219 1608; x_wconf 81' lang='lat' dir='ltr'>essent</span> <span class='ocrx_word' id='word_1_79' title='bbox 1235 1532 1314 1607; x_wconf 88' lang='lat' dir='ltr'>reli·</span> 
     </span>
     <span class='ocr_line' id='line_1_11' title="bbox 250 1647 1315 1752; baseline 0.002 -31"><span class='ocrx_word' id='word_1_80' title='bbox 250 1650 346 1752; x_wconf 87' lang='lat' dir='ltr'>quiae</span> <span class='ocrx_word' id='word_1_81' title='bbox 364 1650 534 1738; x_wconf 73' lang='lat' dir='ltr'>nescivit,</span> <span class='ocrx_word' id='word_1_82' title='bbox 552 1676 636 1722; x_wconf 88' lang='lat' dir='ltr'>narn</span> <span class='ocrx_word' id='word_1_83' title='bbox 655 1649 732 1737; x_wconf 89' lang='lat' dir='ltr'>ille,</span> <span class='ocrx_word' id='word_1_84' title='bbox 747 1650 810 1749; x_wconf 89' lang='lat' dir='ltr'>qui</span> <span class='ocrx_word' id='word_1_85' title='bbox 826 1674 882 1721; x_wconf 90' lang='lat' dir='ltr'>eas</span> <span class='ocrx_word' id='word_1_86' title='bbox 899 1647 988 1721; x_wconf 90' lang='lat' dir='ltr'>mihi</span> <span class='ocrx_word' id='word_1_87' title='bbox 1001 1649 1170 1739; x_wconf 75' lang='lat' dir='ltr'><strong>miserat,</strong></span> <span class='ocrx_word' id='word_1_88' title='bbox 1190 1650 1315 1751; x_wconf 82' lang='lat' dir='ltr'>promi·</span> 
     </span>
     <span class='ocr_line' id='line_1_12' title="bbox 252 1767 1314 1856; baseline 0.001 -16"><span class='ocrx_word' id='word_1_89' title='bbox 252 1769 298 1840; x_wconf 85' lang='lat' dir='ltr'>sit</span> <span class='ocrx_word' id='word_1_90' title='bbox 315 1794 351 1841; x_wconf 86' lang='lat' dir='ltr'>se</span> <span class='ocrx_word' id='word_1_91' title='bbox 368 1768 411 1840; x_wconf 85' lang='lat' dir='ltr'>ad</span> <span class='ocrx_word' id='word_1_92' title='bbox 435 1794 492 1841; x_wconf 90' lang='lat' dir='ltr'>me</span> <span class='ocrx_word' id='word_1_93' title='bbox 516 1795 589 1842; x_wconf 88' lang='lat' dir='ltr'>esse</span> <span class='ocrx_word' id='word_1_94' title='bbox 607 1783 824 1856; x_wconf 87' lang='lat' dir='ltr'>venturum,</span> <span class='ocrx_word' id='word_1_95' title='bbox 856 1792 897 1840; x_wconf 91' lang='lat' dir='ltr'>ae</span> <span class='ocrx_word' id='word_1_96' title='bbox 921 1767 1071 1842; x_wconf 90' lang='lat' dir='ltr'>nomina</span> <span class='ocrx_word' id='word_1_97' title='bbox 1097 1782 1314 1855; x_wconf 80' lang='lat' dir='ltr'>sanctoruni,</span> 
     </span>
     <span class='ocr_line' id='line_1_13' title="bbox 250 1882 1314 1985; baseline 0 -29"><span class='ocrx_word' id='word_1_98' title='bbox 250 1910 406 1985; x_wconf 90' lang='lat' dir='ltr'>quorum</span> <span class='ocrx_word' id='word_1_99' title='bbox 423 1882 479 1957; x_wconf 82' lang='lat' dir='ltr'>lrae</span> <span class='ocrx_word' id='word_1_100' title='bbox 492 1885 655 1985; x_wconf 86' lang='lat' dir='ltr'>reliquiae</span> <span class='ocrx_word' id='word_1_101' title='bbox 672 1883 817 1976; x_wconf 87' lang='lat' dir='ltr'>forent,</span> <span class='ocrx_word' id='word_1_102' title='bbox 831 1911 896 1983; x_wconf 87' lang='lat' dir='ltr'>per</span> <span class='ocrx_word' id='word_1_103' title='bbox 914 1885 1147 1983; x_wconf 87' lang='lat' dir='ltr'>semetipsum</span> <span class='ocrx_word' id='word_1_104' title='bbox 1158 1883 1249 1959; x_wconf 84' lang='lat' dir='ltr'>mihi</span> <span class='ocrx_word' id='word_1_105' title='bbox 1264 1886 1314 1957; x_wconf 89' lang='lat' dir='ltr'>iu-</span> 
     </span>
     <span class='ocr_line' id='line_1_14' title="bbox 249 2001 1313 2104; baseline 0.003 -30"><span class='ocrx_word' id='word_1_106' title='bbox 249 2001 482 2074; x_wconf 86' lang='lat' dir='ltr'>dicaturum:</span> <span class='ocrx_word' id='word_1_107' title='bbox 512 2002 611 2101; x_wconf 87' lang='lat' dir='ltr'>quod</span> <span class='ocrx_word' id='word_1_108' title='bbox 639 2018 760 2100; x_wconf 88' lang='lat' dir='ltr'>postea</span> <span class='ocrx_word' id='word_1_109' title='bbox 793 2001 930 2073; x_wconf 86' lang='lat' dir='ltr'>facturn</span> <span class='ocrx_word' id='word_1_110' title='bbox 951 2016 1018 2075; x_wconf 81' lang='lat' dir='ltr'>est.</span> <span class='ocrx_word' id='word_1_111' title='bbox 1045 2003 1190 2104; x_wconf 78' lang='lat' dir='ltr'><strong>Pauper</strong></span> <span class='ocrx_word' id='word_1_112' title='bbox 1216 2028 1313 2089; x_wconf 82' lang='lat' dir='ltr'>vero,</span> 
     </span>
     <span class='ocr_line' id='line_1_15' title="bbox 250 2116 1314 2218; baseline 0.003 -30"><span class='ocrx_word' id='word_1_113' title='bbox 250 2117 312 2218; x_wconf 90' lang='lat' dir='ltr'>qui</span> <span class='ocrx_word' id='word_1_114' title='bbox 322 2120 424 2216; x_wconf 83' lang='lat' dir='ltr'>juxta</span> <span class='ocrx_word' id='word_1_115' title='bbox 439 2117 546 2189; x_wconf 82' lang='lat' dir='ltr'>illesa</span> <span class='ocrx_word' id='word_1_116' title='bbox 559 2133 760 2192; x_wconf 83' lang='lat' dir='ltr'>memorato</span> <span class='ocrx_word' id='word_1_117' title='bbox 773 2143 869 2190; x_wconf 86' lang='lat' dir='ltr'>caeco</span> <span class='ocrx_word' id='word_1_118' title='bbox 880 2116 1227 2209; x_wconf 78' lang='lat' dir='ltr'>fueratcolloeatus,</span> <span class='ocrx_word' id='word_1_119' title='bbox 1240 2144 1314 2191; x_wconf 87' lang='lat' dir='ltr'>eum</span> 
     </span>
     <span class='ocr_line' id='line_1_16' title="bbox 250 2232 1316 2335; baseline 0.003 -28"><span class='ocrx_word' id='word_1_120' title='bbox 250 2232 405 2307; x_wconf 84' lang='lat' dir='ltr'>secunda</span> <span class='ocrx_word' id='word_1_121' title='bbox 422 2233 532 2306; x_wconf 85' lang='lat' dir='ltr'>lectio</span> <span class='ocrx_word' id='word_1_122' title='bbox 553 2232 597 2305; x_wconf 85' lang='lat' dir='ltr'>ad</span> <span class='ocrx_word' id='word_1_123' title='bbox 621 2250 846 2308; x_wconf 89' lang='lat' dir='ltr'>nocturnum</span> <span class='ocrx_word' id='word_1_124' title='bbox 863 2234 1018 2308; x_wconf 87' lang='lat' dir='ltr'>officium</span> <span class='ocrx_word' id='word_1_125' title='bbox 1038 2260 1084 2309; x_wconf 81' lang='lat' dir='ltr'>ex</span> <span class='ocrx_word' id='word_1_126' title='bbox 1108 2260 1214 2309; x_wconf 85' lang='lat' dir='ltr'>more</span> <span class='ocrx_word' id='word_1_127' title='bbox 1230 2234 1316 2335; x_wconf 71' lang='lat' dir='ltr'>lege-</span> 
     </span>
     <span class='ocr_line' id='line_1_17' title="bbox 250 2348 1316 2453; baseline 0 -30"><span class='ocrx_word' id='word_1_128' title='bbox 250 2365 366 2442; x_wconf 90' lang='lat' dir='ltr'>retur,</span> <span class='ocrx_word' id='word_1_129' title='bbox 382 2348 480 2423; x_wconf 86' lang='lat' dir='ltr'>edito</span> <span class='ocrx_word' id='word_1_130' title='bbox 502 2350 639 2448; x_wconf 77' lang='lat' dir='ltr'><strong>ingenti</strong></span> <span class='ocrx_word' id='word_1_131' title='bbox 656 2350 834 2437; x_wconf 89' lang='lat' dir='ltr'>clamore,</span> <span class='ocrx_word' id='word_1_132' title='bbox 857 2376 932 2425; x_wconf 92' lang='lat' dir='ltr'>non</span> <span class='ocrx_word' id='word_1_133' title='bbox 950 2348 1136 2424; x_wconf 89' lang='lat' dir='ltr'>modicum</span> <span class='ocrx_word' id='word_1_134' title='bbox 1153 2374 1316 2453; x_wconf 73' lang='lat' dir='ltr'>patorem</span> 
     </span>
     <span class='ocr_line' id='line_1_18' title="bbox 251 2464 1319 2568; baseline 0.004 -29"><span class='ocrx_word' id='word_1_135' title='bbox 251 2464 478 2540; x_wconf 78' lang='lat' dir='ltr'>audientibus</span> <span class='ocrx_word' id='word_1_136' title='bbox 500 2467 660 2539; x_wconf 84' lang='lat' dir='ltr'>incussit.</span> <span class='ocrx_word' id='word_1_137' title='bbox 681 2466 735 2541; x_wconf 81' lang='lat' dir='ltr'>Ad</span> <span class='ocrx_word' id='word_1_138' title='bbox 757 2493 866 2568; x_wconf 89' lang='lat' dir='ltr'>quem</span> <span class='ocrx_word' id='word_1_139' title='bbox 880 2494 964 2541; x_wconf 91' lang='lat' dir='ltr'>cum</span> <span class='ocrx_word' id='word_1_140' title='bbox 979 2468 1153 2543; x_wconf 88' lang='lat' dir='ltr'>nonnulli</span> <span class='ocrx_word' id='word_1_141' title='bbox 1176 2469 1319 2545; x_wconf 83' lang='lat' dir='ltr'>clerieo·</span> 
     </span>
     <span class='ocr_line' id='line_1_19' title="bbox 250 2584 1316 2687; baseline 0.002 -31"><span class='ocrx_word' id='word_1_142' title='bbox 250 2611 358 2673; x_wconf 92' lang='lat' dir='ltr'>rum,</span> <span class='ocrx_word' id='word_1_143' title='bbox 380 2611 449 2657; x_wconf 91' lang='lat' dir='ltr'>una</span> <span class='ocrx_word' id='word_1_144' title='bbox 469 2610 553 2656; x_wconf 85' lang='lat' dir='ltr'>eum</span> <span class='ocrx_word' id='word_1_145' title='bbox 571 2584 634 2657; x_wconf 91' lang='lat' dir='ltr'>illo</span> <span class='ocrx_word' id='word_1_146' title='bbox 650 2586 714 2686; x_wconf 88' lang='lat' dir='ltr'>qui</span> <span class='ocrx_word' id='word_1_147' title='bbox 734 2584 803 2660; x_wconf 87' lang='lat' dir='ltr'>hoc</span> <span class='ocrx_word' id='word_1_148' title='bbox 824 2584 873 2657; x_wconf 84' lang='lat' dir='ltr'>ibi</span> <span class='ocrx_word' id='word_1_149' title='bbox 886 2586 1047 2687; x_wconf 86' lang='lat' dir='ltr'>opperiri</span> <span class='ocrx_word' id='word_1_150' title='bbox 1056 2587 1180 2685; x_wconf 85' lang='lat' dir='ltr'>jussus</span> <span class='ocrx_word' id='word_1_151' title='bbox 1193 2584 1316 2672; x_wconf 76' lang='lat' dir='ltr'>luent,</span> 
     </span>
     <span class='ocr_line' id='line_1_20' title="bbox 251 2702 1319 2804; baseline 0.002 -29"><span class='ocrx_word' id='word_1_152' title='bbox 251 2702 507 2791; x_wconf 87' lang='lat' dir='ltr'>accurrissent,</span> <span class='ocrx_word' id='word_1_153' title='bbox 532 2703 751 2776; x_wconf 85' lang='lat' dir='ltr'>invenerunt</span> <span class='ocrx_word' id='word_1_154' title='bbox 774 2728 857 2775; x_wconf 87' lang='lat' dir='ltr'>eum</span> <span class='ocrx_word' id='word_1_155' title='bbox 881 2727 1041 2802; x_wconf 87' lang='lat' dir='ltr'>pronum</span> <span class='ocrx_word' id='word_1_156' title='bbox 1060 2718 1174 2804; x_wconf 83' lang='lat' dir='ltr'>atque</span> <span class='ocrx_word' id='word_1_157' title='bbox 1203 2718 1319 2779; x_wconf 76' lang='lat' dir='ltr'>exten·</span> 
     </span>
     <span class='ocr_line' id='line_1_21' title="bbox 253 2816 1316 2923; baseline 0.003 -31"><span class='ocrx_word' id='word_1_158' title='bbox 253 2834 331 2893; x_wconf 91' lang='lat' dir='ltr'>tum</span> <span class='ocrx_word' id='word_1_159' title='bbox 350 2834 502 2919; x_wconf 85' lang='lat' dir='ltr'>propter</span> <span class='ocrx_word' id='word_1_160' title='bbox 517 2819 629 2893; x_wconf 87' lang='lat' dir='ltr'>altare</span> <span class='ocrx_word' id='word_1_161' title='bbox 640 2821 843 2918; x_wconf 88' lang='lat' dir='ltr'>jacentem,</span> <span class='ocrx_word' id='word_1_162' title='bbox 866 2819 1213 2921; x_wconf 78' lang='lat' dir='ltr'>pavimentumque,</span> <span class='ocrx_word' id='word_1_163' title='bbox 1226 2816 1316 2923; x_wconf 78' lang='lat' dir='ltr'>quod</span> 
     </span>
     <span class='ocr_line' id='line_1_22' title="bbox 250 2936 1316 3039; baseline -0.007 -25"><span class='ocrx_word' id='word_1_164' title='bbox 250 2939 307 3014; x_wconf 86' lang='lat' dir='ltr'>ori</span> <span class='ocrx_word' id='word_1_165' title='bbox 335 2939 409 3035; x_wconf 84' lang='lat' dir='ltr'>ejus</span> <span class='ocrx_word' id='word_1_166' title='bbox 430 2936 632 3035; x_wconf 83' lang='lat' dir='ltr'>subjectum</span> <span class='ocrx_word' id='word_1_167' title='bbox 651 2952 751 3024; x_wconf 86' lang='lat' dir='ltr'>erat,</span> <span class='ocrx_word' id='word_1_168' title='bbox 779 2937 939 3036; x_wconf 86' lang='lat' dir='ltr'>plurimo</span> <span class='ocrx_word' id='word_1_169' title='bbox 962 2937 1141 3039; x_wconf 77' lang='lat' dir='ltr'>sauguine</span> <span class='ocrx_word' id='word_1_170' title='bbox 1163 2936 1316 3013; x_wconf 83' lang='lat' dir='ltr'>madeus.</span> 
     </span>
     <span class='ocr_line' id='line_1_23' title="bbox 252 3053 1320 3156; baseline 0 -30"><span class='ocrx_word' id='word_1_171' title='bbox 252 3054 370 3148; x_wconf 86' lang='lat' dir='ltr'>Quem</span> <span class='ocrx_word' id='word_1_172' title='bbox 387 3053 568 3147; x_wconf 81' lang='lat' dir='ltr'>levantes,</span> <span class='ocrx_word' id='word_1_173' title='bbox 582 3070 619 3128; x_wconf 90' lang='lat' dir='ltr'>et</span> <span class='ocrx_word' id='word_1_174' title='bbox 637 3054 741 3126; x_wconf 85' lang='lat' dir='ltr'>allata</span> <span class='ocrx_word' id='word_1_175' title='bbox 754 3082 843 3156; x_wconf 85' lang='lat' dir='ltr'>aqua</span> <span class='ocrx_word' id='word_1_176' title='bbox 863 3055 1128 3145; x_wconf 74' lang='lat' dir='ltr'>refocillantes,</span> <span class='ocrx_word' id='word_1_177' title='bbox 1146 3082 1276 3129; x_wconf 80' lang='lat' dir='ltr'>sanum</span> <span class='ocrx_word' id='word_1_178' title='bbox 1288 3068 1320 3127; x_wconf 85' lang='lat' dir='ltr'>et</span> 
     </span>
     <span class='ocr_line' id='line_1_24' title="bbox 252 3168 1319 3273; baseline 0.005 -34"><span class='ocrx_word' id='word_1_179' title='bbox 252 3186 412 3256; x_wconf 85' lang='lat' dir='ltr'>rectum,</span> <span class='ocrx_word' id='word_1_180' title='bbox 431 3195 549 3269; x_wconf 86' lang='lat' dir='ltr'>neque</span> <span class='ocrx_word' id='word_1_181' title='bbox 568 3168 638 3241; x_wconf 89' lang='lat' dir='ltr'>ulla</span> <span class='ocrx_word' id='word_1_182' title='bbox 660 3170 846 3243; x_wconf 76' lang='lat' dir='ltr'>camelinae</span> <span class='ocrx_word' id='word_1_183' title='bbox 864 3170 961 3243; x_wconf 88' lang='lat' dir='ltr'>illius</span> <span class='ocrx_word' id='word_1_184' title='bbox 978 3168 1211 3245; x_wconf 84' lang='lat' dir='ltr'>tortitudinis</span> <span class='ocrx_word' id='word_1_185' title='bbox 1228 3170 1319 3273; x_wconf 70' lang='lat' dir='ltr'>sigua</span> 
     </span>
     <span class='ocr_line' id='line_1_25' title="bbox 252 3284 1318 3389; baseline -0.005 -27"><span class='ocrx_word' id='word_1_186' title='bbox 252 3288 471 3362; x_wconf 88' lang='lat' dir='ltr'>retinentem</span> <span class='ocrx_word' id='word_1_187' title='bbox 485 3341 496 3375; x_wconf 90' lang='lat'>,</span> <span class='ocrx_word' id='word_1_188' title='bbox 516 3288 552 3360; x_wconf 92' lang='lat' dir='ltr'>in</span> <span class='ocrx_word' id='word_1_189' title='bbox 567 3287 757 3362; x_wconf 78' lang='lat' dir='ltr'>inferiores</span> <span class='ocrx_word' id='word_1_190' title='bbox 768 3288 926 3361; x_wconf 73' lang='lat' dir='ltr'>ecclesiae</span> <span class='ocrx_word' id='word_1_191' title='bbox 937 3304 1056 3387; x_wconf 88' lang='lat' dir='ltr'>partes</span> <span class='ocrx_word' id='word_1_192' title='bbox 1065 3284 1318 3389; x_wconf 78' lang='lat' dir='ltr'>gratulabundi</span> 
     </span>
     <span class='ocr_line' id='line_1_26' title="bbox 251 3378 1360 3507; baseline 0.002 -30"><span class='ocrx_word' id='word_1_193' title='bbox 251 3404 494 3478; x_wconf 84' lang='lat' dir='ltr'>deduxerunt.</span> <span class='ocrx_word' id='word_1_194' title='bbox 514 3404 597 3498; x_wconf 87' lang='lat' dir='ltr'>Quo</span> <span class='ocrx_word' id='word_1_195' title='bbox 608 3405 783 3479; x_wconf 84' lang='lat' dir='ltr'>miraculo</span> <span class='ocrx_word' id='word_1_196' title='bbox 804 3406 842 3477; x_wconf 91' lang='lat' dir='ltr'>in</span> <span class='ocrx_word' id='word_1_197' title='bbox 859 3403 958 3478; x_wconf 83' lang='lat' dir='ltr'>hurre</span> <span class='ocrx_word' id='word_1_198' title='bbox 978 3404 1132 3479; x_wconf 88' lang='lat' dir='ltr'>modum</span> <span class='ocrx_word' id='word_1_199' title='bbox 1152 3420 1318 3507; x_wconf 83' lang='lat' dir='ltr'>peraeto,</span> <span class='ocrx_word' id='word_1_200' title='bbox 1357 3378 1360 3455; x_wconf 71' lang='lat' dir='ltr'>l</span> 
     </span>
     <span class='ocr_line' id='line_1_27' title="bbox 252 3520 1319 3624; baseline 0.002 -29"><span class='ocrx_word' id='word_1_201' title='bbox 252 3524 295 3611; x_wconf 92' lang='lat' dir='ltr'>is,</span> <span class='ocrx_word' id='word_1_202' title='bbox 310 3549 419 3624; x_wconf 60' lang='lat' dir='ltr'>(luem</span> <span class='ocrx_word' id='word_1_203' title='bbox 433 3522 520 3594; x_wconf 89' lang='lat' dir='ltr'>illuc</span> <span class='ocrx_word' id='word_1_204' title='bbox 530 3523 709 3610; x_wconf 86' lang='lat' dir='ltr'>miseram,</span> <span class='ocrx_word' id='word_1_205' title='bbox 721 3520 765 3594; x_wconf 87' lang='lat' dir='ltr'>ad</span> <span class='ocrx_word' id='word_1_206' title='bbox 776 3548 835 3596; x_wconf 86' lang='lat' dir='ltr'>me</span> <span class='ocrx_word' id='word_1_207' title='bbox 848 3549 931 3595; x_wconf 85' lang='lat' dir='ltr'>eum</span> <span class='ocrx_word' id='word_1_208' title='bbox 944 3548 1082 3597; x_wconf 87' lang='lat' dir='ltr'>summa</span> <span class='ocrx_word' id='word_1_209' title='bbox 1095 3520 1319 3599; x_wconf 74' lang='lat' dir='ltr'>festinatione</span> 
     </span>
     <span class='ocr_line' id='line_1_28' title="bbox 251 3640 1360 3743; baseline 0 -30"><span class='ocrx_word' id='word_1_210' title='bbox 251 3667 451 3742; x_wconf 78' lang='lat' dir='ltr'>regressus,</span> <span class='ocrx_word' id='word_1_211' title='bbox 473 3667 612 3713; x_wconf 89' lang='lat' dir='ltr'>cumea</span> <span class='ocrx_word' id='word_1_212' title='bbox 634 3667 717 3742; x_wconf 84' lang='lat' dir='ltr'>quae</span> <span class='ocrx_word' id='word_1_213' title='bbox 736 3640 875 3714; x_wconf 85' lang='lat' dir='ltr'>viderat</span> <span class='ocrx_word' id='word_1_214' title='bbox 886 3640 1089 3729; x_wconf 85' lang='lat' dir='ltr'>retulisset,</span> <span class='ocrx_word' id='word_1_215' title='bbox 1109 3666 1245 3743; x_wconf 76' lang='lat' dir='ltr'>unguo</span> <span class='ocrx_word' id='word_1_216' title='bbox 1261 3664 1318 3713; x_wconf 77' lang='lat' dir='ltr'>nos</span> <span class='ocrx_word' id='word_1_217' title='bbox 1358 3670 1360 3723; x_wconf 78' lang='lat' dir='ltr'>i</span> 
     </span>
     <span class='ocr_line' id='line_1_29' title="bbox 251 3757 932 3860; baseline 0.001 -31"><span class='ocrx_word' id='word_1_218' title='bbox 251 3757 382 3859; x_wconf 80' lang='lat' dir='ltr'>gaudio</span> <span class='ocrx_word' id='word_1_219' title='bbox 395 3774 502 3860; x_wconf 87' lang='lat' dir='ltr'>atque</span> <span class='ocrx_word' id='word_1_220' title='bbox 513 3758 753 3832; x_wconf 82' lang='lat' dir='ltr'>exsultatione</span> <span class='ocrx_word' id='word_1_221' title='bbox 765 3758 932 3859; x_wconf 81' lang='lat' dir='ltr'>replevit.</span> 
     </span>
    </p>
   </div>
   <div class='ocr_carea' id='block_1_5' title="bbox 259 4099 1312 4318">
    <p class='ocr_par' dir='ltr' id='par_1_5' title="bbox 259 4099 1312 4318">
     <span class='ocr_line' id='line_1_30' title="bbox 302 4099 1312 4203; baseline 0 -28"><span class='ocrx_word' id='word_1_222' title='bbox 302 4105 364 4175; x_wconf 71' lang='lat'>47.</span> <span class='ocrx_word' id='word_1_223' title='bbox 394 4102 468 4175; x_wconf 85' lang='lat' dir='ltr'>Nec</span> <span class='ocrx_word' id='word_1_224' title='bbox 488 4101 607 4175; x_wconf 87' lang='lat' dir='ltr'>multo</span> <span class='ocrx_word' id='word_1_225' title='bbox 628 4118 711 4199; x_wconf 88' lang='lat' dir='ltr'>post</span> <span class='ocrx_word' id='word_1_226' title='bbox 734 4102 933 4189; x_wconf 81' lang='lat' dir='ltr'>llatleicus,</span> <span class='ocrx_word' id='word_1_227' title='bbox 953 4099 1018 4203; x_wconf 88' lang='lat' dir='ltr'>qui</span> <span class='ocrx_word' id='word_1_228' title='bbox 1037 4124 1162 4175; x_wconf 71' lang='lat' dir='ltr'>sacrm</span> <span class='ocrx_word' id='word_1_229' title='bbox 1185 4100 1312 4199; x_wconf 74' lang='lat' dir='ltr'>Marty-</span> 
     </span>
     <span class='ocr_line' id='line_1_31' title="bbox 259 4216 1309 4318; baseline -0.002 -28"><span class='ocrx_word' id='word_1_230' title='bbox 259 4246 339 4291; x_wconf 88' lang='lat' dir='ltr'>rnrn</span> <span class='ocrx_word' id='word_1_231' title='bbox 357 4219 513 4305; x_wconf 85' lang='lat' dir='ltr'>cineres,</span> <span class='ocrx_word' id='word_1_232' title='bbox 541 4220 634 4291; x_wconf 90' lang='lat' dir='ltr'>sieut</span> <span class='ocrx_word' id='word_1_233' title='bbox 653 4219 690 4290; x_wconf 88' lang='lat' dir='ltr'>in</span> <span class='ocrx_word' id='word_1_234' title='bbox 717 4217 962 4318; x_wconf 83' lang='lat' dir='ltr'>superioribus</span> <span class='ocrx_word' id='word_1_235' title='bbox 974 4216 1309 4299; x_wconf 75' lang='lat' dir='ltr'>demonstravimus,</span> 
     </span>
    </p>
   </div>
   <div class='ocr_carea' id='block_1_6' title="bbox 0 0 1588 5280">
    <p class='ocr_par' dir='ltr' id='par_1_6' title="bbox 0 0 1588 5280">
     <span class='ocr_line' id='line_1_32' title="bbox 0 0 1588 5280; baseline 0 1"><span class='ocrx_word' id='word_1_236' title='bbox 0 0 1588 5280; x_wconf 95' lang='lat' dir='ltr'> </span> 
     </span>
    </p>
   </div>
  </div>
 </body>
</html>
