3166 5280
254 468 313 528 308
477 463 660 525 HISTORIA
681 464 999 539 TuaustaTlottIS,
1020 482 1084 525 ere.

256 584 388 659 ibidem
401 601 489 658 tunc
503 610 655 673 eramus,
673 585 748 658 Deo
764 585 920 672 volente,
937 584 1176 686 eognovimus
1181 614 1194 675 ς
1206 599 1307 687 atque

254 701 333 775 ideo
355 698 567 773 fiducialiter
588 698 803 787 scribimus,
829 699 928 801 quod
954 725 1021 773 nos
1048 700 1207 801 contigit
1228 726 1308 775 ocu·

252 818 345 907 lata,
364 832 404 887 ut
423 813 567 903 dicunt,
592 814 661 888 fide
678 840 906 914 cognoscere.
926 816 1060 890 Verum
1080 815 1167 915 quia
1187 832 1307 888 cuneta

250 962 331 1035 quae
361 934 406 1006 de
429 935 632 1034 Martyrum
655 930 852 1005 virtutibus
878 931 1065 1005 scribenda
1094 932 1307 1031 suscepimus

249 1078 475 1152 nequaquam
491 1068 642 1150 possunt
668 1050 837 1149 praesenti
856 1074 1021 1123 sermone
1037 1048 1237 1149 compleri,
1256 1048 1307 1121 laic

250 1168 343 1243 liber
365 1168 431 1242 iste
456 1168 565 1242 finem
587 1168 754 1267 accipiat,
782 1182 825 1239 ut
848 1193 887 1240 ea
909 1193 991 1266 quoe
1011 1180 1152 1241 restant
1175 1162 1224 1239 ala
1244 1164 1306 1239 alio

248 1312 370 1359 rursus
387 1284 537 1361 exordio
555 1284 778 1359 commodius
794 1283 1025 1359 inchoentur.

676 2466 803 2528 CAPUT
824 2466 879 2531 Vl.

251 2687 391 2747 Miraeula
401 2689 431 2746 iu
441 2686 547 2767 palatio
558 2688 738 2767 imperatoris
747 2686 785 2747 ad
794 2687 929 2767 reliquias
939 2686 1043 2747 horum
1055 2702 1222 2751 umorum
1229 2688 1299 2751 laeta.

419 2788 555 2857 Caecitas,
568 2789 737 2865 contractio,
753 2788 911 2869 paralysis,
925 2786 1013 2847 lebria
1024 2788 1150 2849 sublata.

301 3028 362 3098 60.
395 3026 465 3123 (α).
496 3027 537 3096 ln
563 3023 738 3097 relatione
764 3026 951 3126 signorum
977 3042 1088 3130 atque
1116 3032 1305 3117 virtutum,

252 3170 338 3242 quas
355 3166 414 3215 me
433 3142 471 3213 in
489 3138 559 3214 hoe
577 3141 673 3215 libro
689 3141 847 3217 seribere
864 3143 956 3217 velle
971 3146 1172 3245 proposui.
1193 3146 1263 3223 ille
1277 3148 1308 3219 iu

254 3265 369 3358 eapite
385 3256 560 3356 ponendae
578 3258 759 3347 videntur,
778 3286 861 3361 quoe
886 3261 925 3333 in
947 3261 1082 3361 palatio
1099 3262 1227 3353 laetae,
1243 3290 1308 3339 nou

254 3375 372 3449 solum
388 3374 431 3447 ad
451 3373 583 3473 plebis,
603 3402 730 3449 verum
750 3378 859 3451 etiam
880 3378 925 3451 ad
947 3380 1060 3479 ipsius
1081 3384 1310 3485 principiam

254 3516 448 3594 procerum
460 3494 555 3590 ejus,
573 3492 830 3593 omniumque,
845 3511 887 3566 ut
903 3494 952 3567 ita
964 3492 1103 3585 dicam,
1120 3498 1310 3575 auliuom

255 3632 449 3710 pervenere
465 3608 544 3679 noti
551 3608 655 3693 tiam3
674 3622 712 3681 et
729 3633 805 3682 non
824 3623 966 3683 tantum
981 3625 1140 3712 propter
1157 3612 1246 3707 hoe,
1262 3612 1311 3689 ael

256 3724 363 3798 etiarn
384 3736 534 3821 propter
553 3718 641 3793 illud
652 3775 664 3809 ,
682 3722 782 3822 quod
809 3723 847 3796 in
865 3724 1067 3800 oratoriolo
1085 3742 1239 3819 notho,
1258 3726 1309 3801 ulti

256 3841 376 3917 eadem
384 3837 831 3939 miraculagestasunt(b)‚
848 3867 924 3916 nou
934 3841 1015 3917 aliie
1027 3846 1307 3949 tunetuupoaia,

267 4048 425 4060 ,-..-.--
477 4046 571 4053 .......
582 4046 605 4053 -.
616 4046 767 4057 .-..-..
792 4050 1203 4069 Ἢ

290 4156 331 4221 (α)
347 4153 402 4207 llic
413 4151 513 4224 incipit
525 4150 573 4205 lib.
590 4168 615 4203 tv
628 4150 658 4205 iu
668 4148 736 4205 edit.
752 4152 877 4209 Suriaua.

291 4244 330 4311 (b)
344 4239 413 4299 tid.
427 4258 503 4313 supr.
518 4258 595 4295 nram.
611 4258 641 4294 ar
657 4250 685 4293 et
698 4258 741 4295 aa.
