3166 5280
258 403 314 460 118
578 395 770 457 Etttfllltnt
792 395 999 463 EPISTOLAE.

255 545 321 618 per
343 543 478 605 aevnm,
508 518 545 589 in
570 517 682 616 gloria
706 513 844 590 coelesti
868 519 938 617 (r),
962 515 1117 618 gaudere
1142 519 1216 592 uuis
1237 542 1323 592 eum

255 652 399 710 sanctis.

798 849 851 864 .....
871 808 973 863 Dextra

392 898 569 972 clavigerum
582 898 639 953 sola
653 917 688 955 ne
701 909 876 973 mergeretur
887 898 991 968 erexit,

393 993 475 1060 Qun,
489 988 592 1063 pietate
603 989 670 1056 Dei,
684 990 769 1045 vitam
779 1008 830 1064 per
842 989 934 1048 seoda
946 992 1068 1064 regnat(
1085 991 1105 1060 l.

507 1225 671 1302 mure).
694 1226 746 1288 m
766 1226 804 1286 rt.
830 1224 1063 1289 tuscorum.

554 1385 588 1440 In
604 1400 720 1458 persona
732 1382 858 1458 ejusdem
870 1382 1015 1441 clientum.

299 1561 497 1638 Obtutibus
521 1563 579 1662 (4)
608 1563 893 1663 prestantissimi
923 1562 1095 1636 antistitis
1124 1560 1323 1637 humillimi

250 1681 415 1756 clientuli
424 1681 532 1756 vestri
544 1681 659 1780 apices
671 1681 864 1780 praecipuae
874 1679 1056 1754 servitutis
1065 1678 1224 1781 dirigere
1232 1694 1323 1753 sata·

248 1814 342 1900 gunt
348 1827 360 1889 3
379 1799 587 1873 intimantes
603 1797 855 1887 devotionem,
869 1801 973 1898 juxta
986 1796 1179 1872 modulum
1192 1822 1324 1873 eorum

249 1917 497 2016 possibilitatis
506 1918 577 2017 (5),
592 1943 747 2017 pronam
765 1915 858 2005 fieri,
878 1917 906 1990 si
922 1917 1063 1991 almitas
1071 1930 1203 1991 vestrae
1219 1914 1325 1991 eelsi-

251 2033 388 2107 tudinis
404 2033 575 2112 mandare
591 2060 668 2108 non
684 2032 943 2134 dedignaverit.
962 2035 1005 2107 ln
1021 2032 1125 2109 omni
1142 2029 1324 2132 obsequio

250 2165 372 2225 vestro
388 2167 683 2252 vestrorumque,
700 2168 736 2225 et
751 2151 938 2252 deinceps,
956 2151 1031 2225 sive
1040 2154 1146 2250 juxta
1158 2150 1325 2227 elemen-

250 2269 338 2342 tiam
351 2270 556 2370 praesentiae
575 2282 703 2344 vestre
720 2269 850 2368 positi,
869 2293 932 2342 seu
945 2266 1167 2369 ubicumque
1186 2266 1324 2343 remi

250 2386 443 2475 ridentur,
480 2385 638 2462 libenter
670 2387 821 2488 professi
853 2401 939 2460 sunt
974 2384 1102 2461 vestris
1137 2383 1326 2461 mellifluis

249 2501 501 2604 obtemperare
525 2503 716 2579 mandatis.
742 2504 848 2579 Nune
877 2529 991 2592 vero,
1018 2501 1186 2603 quamvis
1211 2498 1326 2579 nullis

249 2613 476 2715 exigentibus
487 2617 646 2706 meritis,
662 2632 782 2691 tamen
795 2615 956 2716 alloquio
971 2629 1102 2689 vestrae
1111 2612 1327 2712 promissio-

250 2733 306 2808 nis
317 2734 465 2824 aonfisi,
478 2761 628 2812 monere
640 2761 717 2811 non
729 2732 892 2810 titubant
901 2733 1072 2834 pietatem
1083 2745 1215 2807 vestrm
1228 2730 1327 2807 eari-

249 2846 344 2920 tatis.
366 2846 491 2921 Valeat
509 2844 695 2921 beatitudo
712 2861 843 2920 vestra.

527 3337 543 3367 ¹*
559 3337 682 3399 LXVII.
703 3340 755 3400 AD
777 3340 811 3398 N.
834 3338 1029 3401 commu.

296 3511 338 3584 ln
351 3507 655 3583 nominellomini
670 3510 880 3586 nostriJesu
888 3507 1039 3600 Christi,
1056 3509 1104 3584 N.
1114 3511 1157 3609 (i.
1171 3537 1207 3586 e.
1224 3513 1329 3589 Ein-

281 3736 323 3809 (ι)
339 3733 411 3792 eod.
423 3732 552 3788 celestis.

282 3828 322 3898 (a)
340 3826 449 3882 Horum
460 3821 659 3878 versiculorum
671 3822 741 3878 alter
750 3822 793 3877 bis
805 3831 901 3878 contra
909 3824 1103 3896 quantitatem,
1114 3824 1186 3882 alter
1193 3837 1324 3883 contram

248 3917 456 3989 grammaticam
467 3924 576 3989 peceat,
590 3924 620 3970 et
631 3915 676 3968 vix
689 3912 808 3984 intelligi
823 3922 924 3985 potest.

281 4006 321 4077 (3)
340 4018 402 4061 tvm
414 4008 444 4062 in
456 4005 524 4061 edit.

283 4099 323 4168 (l)
340 4096 411 4153 eod.
422 4096 573 4170 optutibus.

283 4185 322 4255 (5)
341 4187 383 4242 lta
394 4186 479 4243 habet
489 4185 591 4253 eodem
604 4180 672 4239 edit.
683 4183 707 4253 1'.
722 4179 834 4236 modum
847 4200 869 4235 e.
880 4180 1067 4251 possibilitati.
