3166 5280
265 391 325 454 254
484 389 668 450 HISTORIA
688 390 1007 466 tristissumum,
1029 412 1092 455 mc.

263 525 387 612 pectus
404 524 441 583 et
456 524 602 598 venter,
623 525 658 581 et
678 534 789 610 usque
809 509 853 582 nd
870 525 1089 611 vestemque
1107 513 1254 613 inguina
1268 529 1323 589 te-

262 626 458 728 gebantur,
484 626 549 698 hac
570 641 659 699 esset
679 624 934 701 exuberatione
955 628 1109 728 perfusa.
1135 630 1207 723 Qui
1239 656 1321 705 eum

262 745 364 817 alluta
378 770 466 844 aqua
480 743 603 816 fuisset
620 742 857 835 refocillatus,
870 746 1062 845 resumptis
1072 746 1214 819 viribus
1228 746 1322 821 ctus

262 862 401 935 locutus
426 876 492 934 est.
512 861 603 933 Nam
627 861 857 959 postmodum
883 888 902 933 a
930 862 1035 936 nobis
1059 863 1318 965 interrogatus,

263 994 408 1052 testatus
424 992 476 1050 est
488 1003 524 1049 se
540 976 585 1048 ab
604 977 753 1049 infantia
771 1002 830 1048 sua
850 978 1012 1078 usquein
1029 1004 1187 1077 praesens
1204 1004 1320 1080 neque

260 1093 383 1165 audire
402 1091 557 1192 aliquid,
579 1118 645 1164 nec
666 1091 764 1191 loqui
790 1094 959 1190 potuisse.
985 1094 1141 1166 Patriam
1159 1092 1229 1167 sibi
1248 1120 1320 1169 esse

262 1210 497 1296 Britanniam,
507 1235 543 1283 se
551 1209 698 1284 notione
706 1209 876 1309 Anglum;
888 1224 1039 1284 matrem
1048 1236 1147 1283 sunm
1155 1210 1318 1285 visitandi

260 1333 393 1428 grstia,
419 1354 501 1428 quae
528 1329 652 1400 Romae
675 1328 983 1427 peregrinaretur,
1006 1328 1075 1400 iter
1102 1329 1316 1427 arripuisse,

260 1461 367 1545 atque
392 1447 439 1517 its
462 1446 557 1517 inter
573 1463 721 1518 eaeteros
746 1444 972 1543 peregrinos,
990 1445 1053 1545 qui
1073 1469 1146 1518 uns
1167 1447 1318 1521 Romam

261 1565 313 1635 ire
334 1560 520 1649 volebant,
540 1562 577 1634 in
597 1561 698 1635 iilum
723 1562 843 1635 locum
864 1563 1084 1661 pervenisse,
1108 1562 1169 1636 sed
1180 1617 1193 1652 ,
1213 1565 1318 1638 sociis

260 1680 330 1752 suis
347 1678 582 1767 abeuntibus,
611 1707 647 1752 se
664 1677 862 1751 substitisse
868 1707 879 1765 ;
899 1680 1086 1778 ipsumque
1101 1678 1215 1767 diem,
1244 1706 1317 1780 quo

260 1820 365 1868 sanus
379 1793 493 1866 faetus
509 1808 579 1881 est,
592 1794 784 1892 septimum
797 1819 870 1866 esse
883 1819 926 1866 ex
938 1818 1012 1893 quo
1027 1794 1064 1866 in
1083 1793 1203 1867 locum
1216 1792 1316 1867 iilum

261 1925 414 1982 venerat
433 1908 594 2006 Cumque
605 1907 651 1979 ab
667 1934 710 1980 eo
727 1934 861 1982 nomen
875 1911 949 2008 ejus
965 1934 1207 2010 quaereremns
1216 1963 1227 1997 ,
1240 1936 1316 1984 res-

261 2025 391 2126 pondit
412 2052 448 2099 se
461 2050 595 2098 nomen
611 2050 713 2097 suum
726 2027 870 2124 penitus
885 2026 1069 2124 ignorare,
1080 2050 1150 2125 pro
1162 2050 1207 2099 eo
1219 2028 1315 2128 quod

261 2172 304 2218 ex
322 2160 503 2242 tempore,
522 2166 596 2242 quo
608 2140 815 2228 obsurduit,
846 2168 1031 2243 nunquam
1051 2168 1184 2217 nomen
1213 2170 1314 2217 suum

258 2261 422 2334 audierit.

307 2613 365 2683 38.
390 2609 483 2682 Exin
504 2626 586 2708 post
611 2609 749 2711 aliquot
761 2608 854 2698 dies,
878 2634 961 2681 eum
983 2636 1085 2685 more
1101 2610 1254 2685 solemni
1271 2613 1315 2687 ad

257 2726 498 2823 vespertinum
516 2727 671 2798 officium
687 2727 723 2797 in
735 2726 877 2800 ecclesia
891 2724 1078 2800 fuissemus
1087 2730 1312 2829 congregati,

256 2843 373 2941 puella
391 2841 554 2943 quaednm
573 2841 676 2917 surda
695 2859 731 2915 et
752 2860 869 2932 muta,
889 2868 998 2943 quam
1014 2844 1058 2917 de
1072 2870 1164 2945 pago
1180 2844 1316 2917 Bituri-

255 2984 342 3057 gum
353 2976 454 3055 puter
470 2961 544 3053 ejus
557 2957 894 3041 nefrater,snlutem
910 2957 1095 3059 quaerendi
1109 2959 1235 3059 grstia,
1250 2984 1316 3060 per

255 3074 366 3146 mults
380 3091 586 3148 sanctorum
601 3075 676 3148 loca
692 3078 893 3162 trahentes,
906 3075 1049 3150 tandem
1061 3076 1146 3150 iiiuc
1158 3078 1316 3177 perduo-

256 3209 329 3265 tnm
357 3194 452 3265 inter
478 3208 625 3266 caeteros
654 3195 690 3264 in
715 3192 835 3265 eudem
853 3193 995 3267 eeclesia
1017 3209 1111 3267 stare
1128 3194 1313 3285 fecerunt,

253 3306 375 3380 subito
387 3308 485 3379 velut
498 3309 631 3380 insanin
645 3309 796 3408 quadem
809 3311 975 3397 excitata,
1002 3309 1137 3382 tabulas
1159 3336 1316 3411 quorum

255 3425 394 3523 crepitu
411 3423 455 3496 ad
478 3425 740 3526 eleemosynam
762 3427 951 3526 petendam
973 3425 1159 3518 utebatur,
1179 3444 1314 3530 quante

253 3540 373 3638 potuit
402 3540 537 3612 virtute
561 3542 759 3627 concussit,
789 3558 895 3642 atque
918 3543 953 3615 iu
974 3543 1150 3642 populum
1170 3560 1256 3618 ante
1276 3568 1315 3619 se

251 3658 490 3731 constitutum
517 3656 711 3730 furibunde
737 3661 899 3759 projecit.
930 3662 1025 3733 Tum
1052 3660 1096 3733 sd
1125 3662 1314 3735 sinistrum

250 3776 406 3850 ecclesiae
422 3777 593 3875 parietem
611 3802 818 3863 accurrens,
836 3777 934 3851 velut
953 3779 989 3850 in
1007 3776 1172 3852 eumdem
1186 3804 1314 3853 aseen-

249 3917 350 3979 sura,
372 3893 483 3963 trium
495 3892 550 3964 rel
568 3917 611 3965 eo
624 3892 776 3991 amplius
789 3894 918 3991 pedum
932 3898 1023 3966 snitu
1036 3895 1071 3966 in
1085 3893 1197 3965 altum
1210 3892 1310 3981 dato,

251 4008 376 4106 supino
396 4009 556 4094 corruit;
580 4024 635 4095 et,
652 4035 735 4080 cum
754 4007 802 4081 ibi
821 4009 1005 4108 paululum
1026 4023 1174 4082 mortuo
1190 4008 1314 4109 potius

247 4148 353 4221 quam
380 4123 575 4198 dormienti
601 4125 754 4202 similior
771 4127 959 4224 jacuisset,
984 4142 1090 4226 atque
1118 4126 1310 4224 eruptione
