3090 5302
581 504 777 565 APPENDIX
799 504 961 566 atrum.
1244 509 1303 568 169

235 625 358 693 avobis
369 626 534 693 institutus
544 627 612 714 jam
626 642 720 695 antea
733 651 823 708 sum,
841 629 996 695 maximas
1005 649 1104 716 agens
1116 627 1303 719 habensque

235 741 375 831 gratias,
391 738 472 831 quid
487 740 574 807 Deus
594 757 706 809 vestrm
722 742 1010 832 indulgentissime
1024 742 1178 833 dignetur
1196 745 1301 836 inspi-

235 881 308 923 rare
322 857 434 947 pietati
450 855 606 924 sollicitus
628 857 850 948 prestolabor.

278 973 392 1039 Medio
410 974 516 1054 Maio,
537 974 601 1039 vita
626 976 763 1057 comite,
782 975 861 1041 hinc
882 974 1032 1042 recedere
1060 974 1201 1041 decrevi.
1222 974 1300 1064 Quo

234 1105 399 1180 tempore,
422 1089 492 1155 Deo
509 1088 655 1170 volente,
680 1091 763 1157 sicut
778 1090 887 1170 vobis,
909 1092 936 1156 si
957 1088 1192 1170 recordamini,
1214 1087 1303 1170 dixi,

234 1203 277 1271 ad
291 1228 350 1271 vos
364 1218 519 1270 venturus
533 1228 623 1286 sum,
640 1219 672 1270 et
684 1205 810 1296 aliquot
821 1205 909 1297 apud
927 1231 983 1272 vos
999 1205 1068 1272 dies
1082 1204 1248 1288 facturus,
1268 1220 1304 1271 ut

233 1337 266 1389 et
292 1320 395 1387 libros
424 1338 546 1388 vestros
574 1322 666 1389 vobis
699 1325 883 1405 restituam,
913 1339 945 1390 ot
976 1323 1095 1414 quibus
1131 1321 1303 1413 indiguero

235 1439 380 1521 discam,
397 1437 552 1531 fruarque
575 1439 767 1531 aliquandiu
793 1457 898 1509 vestro
924 1443 1112 1510 suavissimo
1140 1440 1305 1530 alloquio,

234 1571 333 1648 atque
349 1555 508 1624 informer
522 1558 604 1624 mihi
621 1559 802 1647 gratissimo
825 1574 936 1627 vestre
952 1560 1119 1650 gravitatis
1139 1573 1171 1625 et
1186 1558 1304 1624 hones-

235 1673 308 1738 tatis
331 1672 492 1763 exemplo.
510 1674 594 1739 Nam
616 1698 668 1739 mo
694 1674 758 1740 hoc
785 1689 929 1765 tempore
957 1676 1173 1741 discessurum
1198 1672 1304 1739 inanis

234 1786 328 1854 vobis
355 1786 443 1854 fama
466 1789 599 1856 mentita
627 1806 686 1857 est.
711 1789 813 1881 Quod
837 1792 912 1872 etsi,
937 1790 1027 1882 quod
1058 1791 1187 1881 penitus
1207 1787 1303 1868 nolo,

235 1906 458 1996 contingeret,
486 1908 531 1972 sic
557 1931 687 1998 quoque
715 1907 755 1974 ad
782 1933 839 1974 vos
857 1910 930 1979 ‚sine
956 1907 1056 1974 dnbio
1081 1929 1302 1999 properarem.

235 2024 364 2088 Tantus
376 2022 463 2087 enim
474 2022 556 2088 mihi
563 2025 660 2090 vestri
673 2048 765 2091 amor
779 2024 952 2106 incumbit,
968 2039 1005 2091 ut
1016 2023 1202 2090 nullatenus
1214 2020 1307 2088 vobis

235 2138 442 2219 insalutatis,
482 2155 732 2232 sanctorumque
770 2144 951 2232 Martyrum
984 2140 1132 2232 neglecto
1165 2140 1307 2231 patroci-

236 2255 311 2335 nio,
329 2254 372 2319 ad
391 2255 527 2344 patriam
546 2279 737 2324 remearem.
756 2259 862 2349 Cupio
889 2274 919 2324 te
945 2260 1008 2324 mei
1030 2282 1207 2325 memorem
1224 2258 1306 2326 bene

235 2369 343 2436 valere
356 2372 389 2436 in
403 2373 559 2453 Domino,
570 2375 795 2464 prosperisque
806 2372 928 2465 pollere
937 2373 1149 2452 successibus,
1161 2373 1307 2454 domine,

237 2486 530 2554 desiderantissime
548 2504 638 2578 pater
654 2505 686 2556 et
702 2489 741 2555 dc
763 2514 813 2556 me
830 2491 949 2581 optime
971 2513 1028 2580 per
1050 2490 1160 2555 omnia
1179 2488 1306 2556 merite.

746 2707 803 2767 rv.
842 2777 846 2785 ¹

282 2849 458 2917 Fidissimo
475 2852 563 2917 Patri
586 2847 754 2916 Einhardo
775 2849 886 2937 Lupus
903 2846 1103 2914 salutem—
1116 2843 1308 2908 Memoriam

239 2990 295 3031 vos
319 2965 438 3032 babere
456 2967 519 3031 mei
540 2988 638 3056 quarn
662 2979 790 3053 gratum
815 2963 971 3040 habeam,
986 2981 1192 3051 nequaquam
1213 2955 1309 3022 facile

239 3081 330 3149 dictu
350 3098 417 3161 est,
444 3084 619 3172 praesertim
643 3105 718 3148 cum
736 3080 920 3146 emincntiae
936 3092 1046 3144 vestrae
1071 3075 1250 3143 sublimitas
1270 3097 1309 3139 eo

241 3221 343 3288 usque
356 3223 389 3264 se
401 3198 602 3279 submiserit,
617 3214 654 3264 ut
662 3197 818 3264 ultroneae
833 3195 1037 3263 salutationis
1049 3217 1168 3260 munus
1185 3216 1223 3258 ac
1238 3192 1310 3258 vitae

241 3313 448 3404 [acciperol]
465 3316 653 3394 meruerim,
672 3314 821 3404 quamvis
837 3314 1016 3405 optaverim
1028 3312 1140 3378 vestris
1153 3309 1245 3376 refici
1257 3308 1311 3375 lit·

242 3431 339 3510 teris,
353 3445 578 3520 quantumque
594 3430 662 3520 jam
680 3446 773 3496 aestus
790 3430 838 3494 rei
861 3445 945 3496 notae
957 3426 1156 3494 deferbuerit
1168 3426 1310 3506 discere,

242 3561 336 3636 atque
353 3548 380 3611 si
398 3545 489 3612 vobis
513 3546 591 3612 hinc
616 3571 635 3612 a
659 3547 813 3636 parvitate
832 3569 903 3610 mea
921 3545 1098 3634 quicquam
1124 3540 1310 3634 persuaderi

243 3662 394 3751 potuerit.
416 3663 487 3751 Ego
501 3677 603 3743 certe,
618 3660 894 3752 quemadmodum
910 3660 1075 3752 pollicitus
1095 3683 1187 3739 sum,
1207 3672 1239 3723 et
1251 3679 1310 3746 pro

244 3778 328 3844 illius
344 3779 518 3844 carissimae
531 3779 724 3867 sempiterno
739 3776 908 3865 refrigerio
922 3776 1103 3868 specialiter
1113 3800 1151 3841 ac
1164 3771 1310 3864 quotidie

245 3895 422 3960 Dominum
435 3894 596 3984 supplico,
606 3910 651 3973 et,
659 3894 748 3985 quod
760 3894 854 3961 vobis
865 3893 916 3961 vel
929 3896 963 3960 in
976 3893 1126 3984 praesenti
1139 3890 1191 3957 vel
1201 3889 1313 3957 lutura

247 4012 307 4076 rita
335 4008 542 4075 conducibile
569 4009 684 4091 credo,
708 4010 854 4099 vigilanti
884 4010 1118 4100 perseverantia
1148 4006 1311 4098 postulare

248 4151 309 4191 non
335 4126 462 4192 desino.
494 4126 710 4192 Proficiamne
739 4127 884 4218 aliquid,
910 4151 966 4191 vos
994 4126 1131 4192 lorsitan
1154 4125 1309 4190 sentiatis.

249 4242 507 4335 Haudquaquam
528 4261 632 4311 tamen
650 4244 865 4311 dubitaverim
884 4245 1001 4310 harum
1017 4244 1162 4311 fructum
1179 4242 1311 4335 petitio-

251 4383 324 4427 num
339 4361 372 4426 iu
388 4359 497 4428 divina
511 4362 715 4431 miseratione
731 4387 906 4454 reponere,
925 4388 961 4428 ac
979 4361 1054 4430 licet
1070 4386 1195 4442 serum,
1210 4384 1315 4453 quan·
