3166 5280
551 364 792 428 mancatum
815 365 863 425 ET
886 364 1012 425 PE'llll.
1253 365 1309 429 tat

257 500 358 591 Quod
374 498 511 565 eundern
529 499 574 565 sie
594 495 783 566 conclusum
800 498 899 589 possit
917 495 1032 563 vinclis
1045 495 1185 578 solvere,

257 612 316 681 Vel
333 639 371 680 ex
387 614 471 679 antri
489 627 569 680 tetro
588 611 660 679 lacu
676 612 814 679 liberum
835 611 1007 680 dimittere.
1030 640 1045 675 n

256 735 365 801 —llla
380 735 467 801 Petri
481 733 584 800 serbis
600 733 751 815 credens,
769 733 887 824 quibus
902 757 935 800 se
950 735 1157 825 promiserat,

255 852 318 920 Per
334 853 483 919 virtutem
501 853 575 919 Jesu
592 851 712 918 Christi
731 852 812 917 mira
827 874 917 942 posse
931 849 1053 931 lacere,

256 967 330 1034 Tali
347 967 407 1034 sibi
425 969 621 1035 resistentem
637 965 754 1058 repulit
770 966 898 1055 elogio:

259 1086 357 1152 «Hoc
371 1099 433 1166 est,
451 1086 573 1176 inquit,
590 1083 680 1176 quod
696 1083 827 1174 augebit
845 1084 906 1150 Dei
922 1084 971 1151 sui
988 1082 1143 1172 gloriam,

256 1200 339 1267 Cum
355 1200 517 1292 perillum
533 1201 595 1267 erit
608 1198 752 1279 lactum,
769 1196 859 1289 quod
876 1213 1001 1288 patrare
1016 1215 1180 1288 noqueunt

254 1314 315 1381 Illa
332 1339 468 1404 magna,
485 1339 558 1406 quae
575 1338 594 1382 a
613 1315 706 1381 nohis
720 1338 807 1381 nuno
820 1311 983 1394 coluntur,
1005 1314 1181 1381 numina.»

301 1437 333 1497 5.
359 1429 525 1498 Haedum
541 1429 638 1497 simul
653 1453 692 1497 ac
707 1429 846 1495 vicissim
860 1426 1049 1495 alternando
1065 1427 1254 1509 conferunt,

256 1545 378 1637 Atque,
397 1546 473 1614 solis
489 1545 567 1613 orbe
584 1568 708 1630 merso,
727 1544 824 1613 stelle
837 1560 964 1613 noctem
978 1543 1159 1636 proferunt,

255 1661 337 1728 Ecce
351 1663 481 1743 Petrus,
501 1676 537 1727 ut
553 1661 717 1752 promisit,
734 1660 825 1727 adest
838 1660 1088 1741 admirantibus,

255 1779 392 1869 Signum
405 1781 511 1846 crucis
526 1802 624 1845 manu
638 1793 776 1868 gestans,
795 1793 878 1846 veste
891 1777 1020 1867 fulgens
1033 1779 1188 1862 eandida3

255 1896 360 1987 Seque
375 1920 485 1963 verum
499 1896 621 1963 Christi
639 1918 784 1976 servum,
803 1909 834 1962 et
852 1920 916 1962 non
934 1893 1051 1962 salsum
1066 1896 1189 1987 aliquid
1206 1899 1253 1984 (ι)

253 2012 330 2077 Esse
344 2026 516 2092 monstrat,
534 2010 613 2078 dum
627 2011 805 2079 multorum
821 2026 1039 2079 contrectatur
1055 2012 1216 2080 manibus.

254 2127 331 2193 Haec
348 2142 530 2194 cernentem
547 2142 660 2219 stupor
677 2129 793 2217 ingens
807 2128 921 2218 arripit
935 2128 1160 2213 Arthemium3

254 2246 359 2334 Atque
374 2244 462 2310 Petri
475 2245 543 2310 sine
558 2267 650 2311 mora
666 2243 802 2335 pedibus
818 2243 1014 2325 advolvitur,

253 2360 358 2425 Deum
376 2361 479 2426 solum
494 2384 606 2426 verum
624 2360 789 2428 Christum
805 2362 931 2449 magnis
949 2360 1091 2428 olamans
1107 2365 1250 2431 vocibus.

254 2477 324 2544 Hae
338 2493 370 2543 et
386 2476 523 2566 conjux,
538 2476 601 2542 hoc
616 2491 647 2542 et
664 2491 781 2542 cuncta
795 2492 950 2543 consonat
962 2476 1086 2544 familia

253 2596 327 2662 Esse
343 2594 469 2659 nullum
486 2593 548 2659 nisi
564 2592 743 2673 Christum,
764 2615 871 2659 rerum
887 2593 1161 2682 potentissimum,

254 2709 362 2801 Quem
377 2707 489 2774 beatus
504 2705 705 2798 predicasset
720 2706 833 2773 Petrus
847 2720 944 2796 atquo
957 2705 1087 2774 coleret.

253 2823 290 2889 ln
308 2821 447 2889 adventu
463 2825 556 2910 cujus
572 2822 696 2911 ipsum,
714 2819 801 2910 quod
820 2843 932 2886 eorum
949 2819 1049 2889 liliam

252 2941 319 3006 Diu
337 2940 418 3006 male
434 2936 627 3030 possidendo
643 2935 793 3017 vexabat,
811 2936 1006 3004 demonium

255 3057 352 3143 Fugit
368 3055 486 3135 statim,
503 3069 535 3120 et
552 3054 671 3120 invitus
688 3056 736 3141 (a)
752 3054 813 3119 Dei
830 3055 936 3120 virum
953 3053 1122 3145 praedicat,

253 3170 297 3236 Ut
315 3170 346 3233 in
365 3167 429 3234 alto
446 3166 551 3258 palam
572 3169 621 3255 (3)
640 3183 732 3235 atrox
748 3169 914 3237 audiretur
930 3182 1024 3237 aere:

255 3286 409 3365 «Virtus,
426 3283 554 3365 dicens,
572 3285 709 3367 Christi,
723 3286 835 3365 Petre,
853 3287 886 3352 in
907 3301 935 3353 te
952 3310 1085 3353 manens
1100 3290 1222 3379 pepulit

252 3403 306 3467 Me
323 3400 362 3465 de
380 3398 453 3479 illa,
470 3423 567 3489 quam
584 3400 730 3469 tenebam
745 3426 845 3493 usque
863 3401 974 3484 modo,
990 3405 1155 3493 virgine.»

298 3523 331 3583 6.
357 3516 432 3582 Hme
451 3528 519 3582 tum
536 3516 630 3583 Petro
645 3516 783 3585 iaciente
799 3543 857 3610 per
872 3520 1022 3587 virtutem
1037 3522 1179 3612 spiritus,

255 3677 850 3693 ——...-.——.———.—.......-.-

287 3754 325 3820 (ι)
344 3751 411 3806 Cod.
426 3752 548 3824 aliquod.

289 3851 327 3917 (a)
346 3849 389 3902 Sic
403 3850 488 3904 codex
505 3860 533 3904 et
550 3849 616 3903 edit.
637 3850 744 3904 Etenim
763 3869 812 3905 vox
826 3856 928 3908 invitus
945 3855 990 3908 hle
1003 3856 1037 3909 ab
1049 3866 1177 3923 auctore,
1192 3874 1242 3928 pro
1254 3875 1314 3911 arn-

253 3941 411 4016 phibologia
424 3945 551 4012 vitanda,
567 3945 692 3999 adhibita
705 3947 822 4015 videtur,
839 3949 953 4022 pierinde
964 3970 995 4006 ac
1010 3954 1031 4008 si
1045 3952 1169 4021 daemon,
1184 3972 1239 4008 non
1253 3953 1313 4008 dce-

253 4041 386 4105 monium,
405 4042 525 4095 inversu
539 4040 702 4113 precedenti
716 4042 836 4099 dixisset.

287 4130 326 4203 (3)
343 4133 387 4187 Sic
400 4134 460 4188 cod.
479 4136 549 4190 Editi
565 4137 678 4189 maleam.

328 4241 367 4289 lt.
1118 4231 1165 4299 26
