3090 5302
232 423 290 479 298
451 420 631 479 HISTORIA
653 421 972 495 Tntnstntlottls,
996 440 1059 484 nc.

233 537 406 612 moderno
426 554 584 636 tempore
599 541 648 611 W
653 539 781 612 isibada
801 542 858 638 (a)
879 557 1041 627 vocatur,
1062 539 1112 612 ibi
1132 541 1281 615 mansio-

232 683 315 728 nem
333 654 533 746 hnbiturus,
550 657 689 730 adveni.
711 656 762 729 lbi
781 685 877 745 cum,
896 674 1047 757 propter
1063 656 1207 746 saltum,
1225 660 1280 757 qui

232 770 345 843 eidem
365 770 444 844 loco
466 773 655 872 contiguus
676 789 747 860 est,
769 775 993 847 commodius
1012 772 1281 858 transeundum,

232 888 339 960 solito
352 891 526 962 maturius
539 917 783 990 surgeremus,
807 890 960 990 profecti
984 909 1070 965 sunt
1087 892 1212 991 pueri,
1228 892 1284 991 qui

233 1030 298 1078 nos
311 1031 394 1077 cum
408 1007 670 1105 impedimentis
681 1006 881 1106 praecedere
891 1006 1106 1081 debuerunt.
1118 1007 1187 1081 Sed
1202 1022 1287 1106 post·

232 1150 358 1224 quam,
373 1123 418 1197 de
432 1125 512 1199 vico
527 1127 564 1196 in
575 1150 651 1225 quo
665 1127 859 1198 mansimus
874 1127 1023 1225 egressi,
1039 1125 1134 1197 viam
1149 1150 1287 1223 carpere

234 1257 444 1337 coeperunt,
461 1257 556 1313 tants
574 1266 634 1314 eos
652 1258 756 1315 tetrae
771 1244 887 1315 noctis
904 1241 1018 1342 caligo
1036 1239 1286 1327 circumdedit,

234 1369 275 1426 ut
287 1381 360 1454 quo
373 1383 409 1430 se
421 1373 559 1431 vertere
570 1357 761 1445 deberent,
778 1361 931 1432 omnino
943 1359 1034 1431 scire
1047 1383 1124 1432 nou
1138 1373 1286 1456 possent.

234 1471 323 1544 Erat
345 1490 517 1570 praeterea
544 1474 657 1575 frigus
683 1476 830 1576 ingens3
858 1492 895 1546 et
920 1491 1012 1549 tecta
1038 1474 1183 1575 pruinis
1200 1490 1287 1547 tem

235 1588 395 1662 videndae
409 1592 476 1663 viae
489 1593 629 1690 copiam
641 1591 846 1692 denegabat.
863 1595 940 1691 lpsa
952 1618 1100 1694 quoque
1113 1592 1289 1664 montium

228 1708 333 1804 juga,
352 1733 417 1804 per
432 1733 514 1806 quae
533 1709 689 1781 eundum
708 1726 804 1793 erat,
827 1708 985 1782 nubibus
1005 1707 1172 1795 obsessa,
1187 1734 1289 1809 qmm

234 1822 340 1922 longe
360 1824 415 1898 vel
436 1853 550 1924 prope
572 1843 687 1899 essent
709 1826 819 1899 videri
844 1852 920 1899 non
937 1841 1121 1926 poterant.
1139 1826 1290 1899 Accessit

235 1937 279 2010 ad
295 1936 485 2014 baecetiam
496 1941 646 2014 vallibus
665 1941 819 2016 insidens
838 1940 991 2034 nebula,
1006 1967 1089 2042 quae
1101 1996 1113 2030 ,
1125 1967 1188 2015 sua
1205 1966 1291 2015 cras·

234 2054 391 2128 situdine
412 2058 526 2130 visum
549 2058 764 2156 impediens,
789 2061 857 2131 iter
879 2058 998 2133 moliri
1028 2059 1214 2157 cupientes
1236 2084 1292 2131 re·

235 2171 456 2245 morabatur.
471 2174 540 2266 Qui
555 2201 637 2247 cum
652 2191 707 2248 tot
723 2174 914 2249 obstaculis
931 2202 968 2249 se
981 2174 1157 2275 impedire
1169 2202 1292 2250 cerne·

236 2305 337 2376 reut,
357 2316 424 2363 neo
445 2292 532 2391 quid
551 2309 697 2392 agerent
721 2293 757 2364 in
782 2307 953 2390 promptu
976 2288 1175 2378 baberent,
1196 2291 1292 2391 equis

235 2406 423 2497 desiliunt,
448 2423 483 2480 et
509 2410 618 2493 riam,
643 2435 750 2508 quam
769 2408 889 2482 videre
913 2433 986 2481 non
1010 2422 1199 2506 poterant,
1218 2405 1293 2505 pal-

236 2524 355 2620 pando
369 2551 530 2624 quaerere
547 2541 701 2597 tentant.
720 2525 787 2598 Sed
805 2524 866 2598 ubi
886 2524 955 2599 boc
969 2549 1098 2623 parum
1115 2522 1291 2607 successit,

234 2642 384 2715 ascensis
400 2641 520 2716 denuo
538 2644 638 2741 equis
649 2696 660 2729 ,
684 2644 824 2730 errori,
846 2668 957 2741 quem
978 2638 1293 2727 abominabantur,

236 2784 272 2831 se
289 2760 408 2854 potius
424 2760 672 2845 committere,
691 2785 798 2860 quam
815 2783 932 2831 moras
949 2757 1066 2833 facere
1081 2757 1293 2833 decernunt.

238 2873 352 2971 Igitur
365 2872 552 2972 paululum
564 2901 628 2973 per
642 2873 804 2948 tenebras
821 2873 1066 2972 procedentes,
1081 2870 1126 2945 ad
1139 2896 1293 2961 crucem,

237 3015 319 3088 quae
336 2990 372 3061 in
386 2991 459 3080 ria,
478 3017 542 3088 por
554 3017 664 3091 quom
678 2991 762 3062 ituri
778 3005 899 3076 erant,
919 2987 968 3062 ob
980 2988 1194 3064 memoriam
1205 2984 1295 3061 besti

237 3104 436 3177 Marcellini
454 3122 529 3179 erat
543 3107 679 3205 posita,
700 3107 929 3204 perveniunt.
946 3107 1057 3177 Causa
1074 3121 1198 3179 autem
1212 3106 1295 3203 ejus·

237 3219 318 3294 dem
335 3224 449 3294 crucis
464 3221 512 3296 ibi
530 3224 708 3323 ponendae
721 3241 798 3297 erat
807 3278 818 3313 ,
834 3223 934 3325 quod
954 3225 992 3296 in
1009 3248 1053 3297 eo
1069 3223 1155 3299 loco
1167 3220 1295 3295 babita-

238 3355 334 3414 tores
353 3341 442 3431 vici,
463 3341 500 3413 in
518 3368 591 3441 quo
606 3342 728 3415 eadem
747 3358 853 3416 nocte
873 3343 1086 3425 mansimus,
1109 3339 1199 3413 mihi
1217 3354 1295 3412 aute

238 3454 425 3528 biennium
439 3456 483 3530 de
498 3458 628 3557 palatio
644 3460 857 3546 revertenti,
873 3474 909 3533 et
922 3457 1090 3559 reliquias
1100 3454 1197 3531 beati
1208 3480 1295 3529 mar·

240 3577 329 3674 tyris
343 3574 555 3661 Marcellini,
566 3603 649 3677 quse
659 3593 746 3649 tunc
760 3575 847 3649 mibi
860 3574 1009 3649 redditae
1020 3573 1186 3662 fuerunt,
1198 3570 1294 3647 dele·

239 3693 354 3777 renti,
382 3709 638 3776 occurrerunt3
655 3718 801 3789 eamque
818 3690 867 3764 ob
886 3688 1174 3763 recordationem
1198 3686 1295 3785 buitta

238 3808 336 3895 faeti,
351 3810 393 3882 ad
409 3810 673 3882 venerationem
687 3807 779 3883 beati
794 3808 980 3907 Martyris,
995 3807 1096 3908 quasi
1112 3829 1181 3903 pro
1194 3800 1294 3877 titulo

276 4111 313 4177 (o)
334 4110 374 4166 ΑΙ.
400 4110 585 4175 Ψίκέὂηᾰιυη,
607 4109 696 4163 idest
717 4109 800 4162 Albos
823 4109 939 4162 balneae.
958 4108 1050 4178 Aqua·
1071 4104 1292 4177 Mutn'ttcoeapud

242 4208 352 4253 veteres.
