3166 5280
262 348 321 410 322
483 345 666 406 HISTORIA
687 344 999 421 Tutustst'tottts,
1021 364 1084 405 nc.

259 491 302 539 eo
322 491 359 537 se
382 463 549 539 collocari
571 462 723 552 faceret,
751 477 889 537 stante
914 462 1074 536 triduum
1096 458 1307 559 completum

259 582 340 657 inde
358 608 434 655 non
451 580 632 655 recederet
648 609 657 653 ε
673 583 743 655 hoe
759 580 869 653 modo
882 579 1078 680 plenariam
1091 603 1177 653 eum
1193 602 1308 651 οοιιιο-

258 715 425 771 cuturum
451 699 651 772 salsitatem.
682 698 788 790 Quod
814 697 876 771 ubi
904 699 935 771 ei
961 696 1219 771 annuntiatum
1240 710 1307 781 est,

256 813 460 888 convocatis
478 814 600 887 amieis
615 839 656 885 ac
671 814 864 913 proximis,
885 814 989 913 petiit
1004 828 1047 885 ut
1061 838 1147 915 erga
1165 838 1204 887 se
1224 812 1311 883 illius

256 932 482 1007 revelationis
498 936 593 1031 jussa
612 932 849 1032 complerent.
868 932 940 1026 Qui
956 958 1043 1007 mox
1058 934 1232 1031 jumento
1247 931 1312 1003 im-

255 1049 432 1147 positum,
448 1046 706 1121 adoratorium
719 1047 921 1136 adducunt3
938 1062 1044 1149 atque
1058 1048 1097 1123 in
1111 1070 1178 1135 eo,
1194 1048 1313 1145 utjtu·

254 1191 336 1237 sum
350 1164 487 1251 luerat,
503 1163 732 1250 collocantes,
747 1162 903 1255 abeunt,
918 1178 1001 1263 post
1016 1160 1182 1235 triduum
1194 1186 1313 1237 rever-

253 1287 341 1353 suri.
355 1279 418 1353 llle
430 1294 550 1353 autem
560 1279 693 1355 ibidem
704 1279 882 1367 dimissus,
893 1307 958 1380 per
968 1278 1125 1355 tresdies
1135 1292 1314 1361 curceles,

252 1397 409 1471 Domino
433 1423 500 1496 pro
516 1398 638 1469 salutis
660 1423 735 1471 suae
754 1398 1025 1497 recuperatione
1047 1394 1143 1469 baud
1162 1394 1314 1469 insuite

251 1513 472 1614 supplicans,
495 1516 542 1587 ita
556 1514 714 1614 perfecte
729 1530 873 1587 sanatus
887 1529 941 1588 est
949 1566 962 1603 ,
977 1528 1020 1585 ut
1035 1513 1184 1587 nullum
1196 1514 1236 1585 in
1246 1510 1315 1585 suis

252 1628 445 1704 visceribus
459 1630 600 1721 morbi,
615 1658 691 1733 quo
705 1632 822 1705 multo
837 1646 999 1729 tempore
1012 1626 1221 1719 tenebatur,
1234 1652 1313 1703 asso

251 1762 347 1821 reret
364 1748 572 1823 remansisse
588 1750 789 1849 vestigium.
808 1748 889 1821 Suis
906 1748 1017 1848 igitur
1032 1746 1127 1819 sicut
1140 1745 1313 1847 promise-

251 1878 334 1935 rant
356 1863 398 1935 ad
419 1890 456 1937 se
475 1865 648 1956 reversis,
668 1892 708 1937 ao
731 1890 855 1937 sanum
872 1864 964 1936 sicut
981 1876 1197 1961 optaverant
1217 1862 1312 1935 inre·

252 1977 454 2064 nientibus,
472 2006 545 2054 non
561 1979 668 2054 dorso
680 1982 856 2079 jumenti,
870 1995 911 2052 ut
925 1994 1092 2067 venerat,
1106 1976 1171 2053 scd
1184 1976 1311 2079 pedum

251 2120 399 2166 suorum
412 2094 535 2168 oslieio
552 2095 596 2168 ad
613 2098 779 2197 propria,
794 2123 878 2169 cum
894 2094 1030 2195 ingenti
1047 2110 1086 2167 et
1099 2120 1163 2165 sua
1181 2108 1219 2167 et
1236 2090 1311 2167 illo·

253 2236 334 2281 rum
354 2212 593 2309 gratulatione
608 2230 716 2313 atque
733 2214 856 2288 laetitia
866 2268 878 2301 ,
894 2238 1072 2315 regressus
1088 2226 1158 2285 est.

299 3146 359 3216 67.
388 3141 454 3211 Est
474 3144 560 3214 item
579 3140 713 3216 fundus
734 3144 852 3243 regius
871 3145 908 3217 in
925 3169 1017 3245 pago
1035 3144 1212 3237 blesano,
1233 3164 1312 3225 octo

251 3258 396 3329 circiter
414 3254 522 3329 leucis
537 3254 582 3327 ab
599 3257 756 3357 Aquensi
771 3259 851 3334 vico
864 3259 1082 3359 disparatus,
1098 3262 1311 3367 Gangludcn

250 3373 468 3448 habitatores
490 3373 693 3473 appellant3
719 3375 757 3447 iu
779 3401 853 3476 quo
874 3375 1005 3451 mulier
1025 3378 1218 3477 quiedam,
1234 3408 1314 3485 que

249 3505 333 3564 octo
346 3488 420 3561 lere
430 3514 610 3562 annorum
619 3488 730 3562 filiam
737 3490 814 3563 dira
823 3490 992 3590 paralysis
1000 3492 1223 3593 aegritudine
1229 3496 1315 3573 adeo

249 3605 450 3684 consectam
468 3602 636 3695 habebat,
655 3622 695 3678 ut
707 3610 782 3705 jam
798 3632 842 3680 ex
860 3606 970 3708 longo
987 3622 1154 3709 tempore
1171 3614 1313 3689 nullm

250 3748 342 3825 pene
358 3718 561 3793 membrum
589 3721 632 3793 ad
653 3722 808 3795 officium
831 3748 937 3795 suum
956 3748 1103 3799 morere
1123 3730 1314 3826 potuisset.

249 3839 379 3913 Audita
396 3838 575 3909 virtutum
589 3838 682 3910 soma
691 3892 702 3928 ,
722 3865 820 3939 spem
837 3837 880 3911 de
895 3840 1142 3939 recuperanda
1157 3842 1249 3921 filiae
1264 3874 1314 3921 sa.

250 3959 325 4030 luto
347 3956 408 4053 pio
431 3954 538 4029 corde
558 3956 741 4054 concepit;
768 3956 1004 4055 protinusque
1019 3954 1206 4033 sublatam
1223 3962 1317 4038 ttlnis

250 4071 423 4171 propriis,
436 4069 479 4141 ad
492 4087 729 4145 memoratum
742 4071 941 4145 oratorium
952 4070 1147 4169 deportate
1157 4078 1315 4151 curavit.
