3090 5302
248 420 310 483 364
472 417 657 482 HISTORIA
678 417 995 491 Tntttsmtlonlm
1015 438 1080 481 nn.

293 538 355 609 91.
381 534 591 637 Gregorius,
614 537 787 612 Romanae
803 537 903 611 nrbis
917 538 1125 638 episcopus,
1145 540 1210 639 qui
1231 538 1304 613 En·

244 655 352 755 genio
365 654 545 756 simulque
556 653 751 730 Valentino
767 656 805 728 in
819 654 1051 755 pontificatus
1065 654 1211 731 bonore
1224 682 1304 729 suc-

244 772 364 857 cessit,
392 796 476 845 cum
500 771 649 845 titulum
678 773 716 846 S.
744 773 855 846 Marci
885 771 1134 873 evangelistae,
1174 774 1215 846 in
1234 798 1304 875 qno

242 884 431 988 presbyter
441 885 580 974 fuerat,
598 886 786 987 ampliare,
800 902 837 961 et
851 888 889 961 in
901 912 947 962 eo
957 886 1222 962 monasterium
1232 886 1305 963 rel·

241 1004 292 1078 let
305 1020 493 1095 extruere,
506 1004 674 1106 qnaesivit
688 1032 754 1105 per
769 1005 975 1079 coemeteria
993 1019 1032 1079 et
1046 1004 1214 1079 ccclesias
1227 1004 1305 1079 lon-

239 1123 319 1222 gins
335 1120 379 1194 ab
396 1120 487 1197 urbe
504 1123 738 1216 constitutas,
756 1119 870 1195 sicubi
884 1136 1095 1197 sanctornm
1107 1138 1304 1221 martyrum

240 1266 393 1339 corpora
422 1256 541 1339 posset
569 1239 763 1313 invenire:
789 1240 1005 1340 inventaque
1036 1237 1172 1325 titulo,
1199 1264 1303 1340 quem

240 1381 349 1456 opere
381 1356 574 1455 magnifico
605 1371 832 1443 extruxerat,
866 1357 1005 1429 curavit
1036 1353 1190 1429 inferre.
1216 1354 1303 1427 Casu

240 1473 352 1575 igitur
375 1473 511 1546 factum
536 1487 610 1561 cst,
634 1487 676 1545 ut
698 1497 744 1547 eo
766 1488 952 1573 tempore,
977 1495 1053 1573 qno
1074 1468 1303 1571 sepulchrum

239 1586 433 1662 beatissimi
459 1588 635 1663 llermetis
654 1605 731 1663 erat
752 1602 961 1689 aperturus,
988 1602 1026 1662 et
1044 1612 1189 1661 sacrum
1212 1586 1302 1661 illins

239 1732 370 1807 corpus
391 1705 611 1780 indoluerat
631 1703 857 1796 sublaturus,
882 1730 978 1779 nnus
996 1729 1041 1779 ex
1064 1704 1220 1794 nostris,
1240 1704 1298 1805 qni

238 1824 364 1899 eodem
376 1849 475 1899 anno
487 1824 712 1925 supplicandi
730 1825 843 1925 gratia
852 1877 865 1913 ,
880 1838 923 1895 ut
934 1821 1047 1900 moris
1058 1838 1113 1897 est
1124 1822 1301 1923 poeniten·

239 1938 356 2027 tibus,
371 1941 524 2013 Romam
536 1951 684 2012 venerat
692 1991 704 2026 ,
719 1952 945 2039 congregatae
956 1936 1001 2011 ad
1011 1934 1197 2011 basilicam
1210 1940 1298 2011 Mar·

239 2054 329 2155 tyris
341 2053 568 2127 multitudini
582 2079 665 2126 cum
678 2054 817 2127 caeteris
830 2052 1031 2154 peregrinis
1045 2052 1248 2127 interesset.
1268 2052 1298 2127 la

237 2170 407 2273 negotio,
434 2169 533 2272 qnod
559 2168 745 2269 agebatur,
774 2168 967 2271 diligenter
992 2168 1178 2271 inspecto,
1203 2194 1297 2271 spen

235 2285 543 2387 adipiscendarum
555 2286 744 2362 memorati
762 2285 933 2388 Martyris
943 2284 1201 2387 reliquiarum,
1219 2284 1296 2361 licet

235 2402 344 2477 corde
372 2401 546 2502 simplici,
577 2427 652 2476 non
675 2417 795 2477 tamen
817 2404 895 2478 sine
921 2428 1023 2477 cansa
1046 2404 1241 2505 concepit,
1263 2418 1295 2479 et

235 2518 460 2594 Densdonam
480 2518 688 2608 diaconum,
705 2521 806 2621 cujus
824 2522 861 2595 in
880 2521 1000 2622 primo
1019 2518 1118 2597 libro
1137 2520 1293 2597 crebram

234 2637 383 2714 fecimus
404 2638 628 2713 mentionem
648 2638 789 2726 adiens,
814 2636 949 2714 obnixe
966 2640 1109 2741 rogavit
1126 2654 1168 2715 nt
1183 2666 1228 2715 ex
1243 2638 1292 2715 bie

234 2755 608 2858 quantulumcumque
625 2782 645 2828 a
664 2754 872 2830 custodibus
889 2754 959 2831 loci
979 2756 1179 2857 acciperet,
1193 2756 1292 2831 mibi·

234 2898 305 2973 que
324 2871 558 2947 deferendum
577 2870 645 2945 sibi
667 2886 867 2972 praestaret.
886 2870 957 2967 Qui
978 2870 1173 2947 corrsoetim
1185 2872 1289 2975 preci·

235 2988 303 3064 bus
318 2993 394 3091 ejus
413 3015 595 3078 annuens,
617 2989 654 3062 id
676 3015 713 3063 se
734 2990 810 3063 sine
827 3014 929 3064 mora
947 2986 1129 3063 lactnrum
1148 2988 1286 3091 pollice·

236 3123 319 3195 tur3
350 3108 506 3207 datoque
531 3104 738 3180 custodibus
767 3106 906 3206 pretio,
935 3130 1012 3179 non
1039 3104 1161 3181 solnm
1185 3104 1287 3179 andi

235 3226 431 3313 llermetis,
452 3223 638 3298 sedetiam
658 3239 866 3298 sanctorum
887 3223 988 3297 Proti
1011 3238 1122 3325 atque
1144 3224 1289 3327 Hyacin-

236 3341 310 3431 tbi,
332 3366 489 3443 qnorum
506 3342 544 3414 in
562 3340 683 3414 eadem
701 3340 843 3414 basilica
860 3366 1013 3440 corpora
1035 3356 1141 3415 erant
1161 3340 1286 3441 posita,

235 3456 405 3558 reliquias
422 3456 571 3555 accepit.
589 3458 637 3529 Et
655 3455 730 3529 illas
742 3455 889 3557 quidem
903 3480 969 3556 per
980 3454 1175 3557 quemdam
1189 3454 1288 3529 sami-

235 3578 358 3650 liarem
372 3602 495 3662 sunm,
513 3574 571 3647 cui
585 3572 783 3649 Sabbatino
794 3599 995 3675 cognomen
1008 3587 1105 3659 crat,
1116 3572 1287 3675 simulque

233 3709 269 3769 et
290 3708 476 3781 nostrum,
498 3692 560 3794 qni
583 3692 614 3767 ei
636 3707 678 3765 nt
695 3690 764 3765 boc
786 3691 917 3767 faceret
937 3692 1133 3792 persuasit,
1152 3692 1286 3765 mittere

233 3814 396 3888 curarit:
414 3810 513 3913 quod
531 3810 713 3885 autemde
733 3836 886 3912 corpore
906 3810 999 3886 beati
1024 3810 1205 3885 llermetia
1224 3832 1286 3911 po·

233 3932 303 4006 tuit
325 3931 490 4032 adipisci,
516 3931 590 4031 ipse
611 3929 655 4002 ad
676 3955 743 4004 nos
767 3931 935 4015 veniens,
959 3952 1028 4028 pro
1050 3928 1190 4029 ingenti
1210 3952 1284 4001 mn·

233 4076 341 4141 nere,
363 4049 504 4122 detulit.
532 4048 623 4121 Cum
652 4065 770 4122 autem
806 4047 851 4122 dc
880 4046 1035 4120 adventu
1058 4043 1281 4147 reliquias-nn

233 4185 438 4243 sanctorum
459 4170 557 4241 Proti
576 4185 611 4243 ct
627 4165 820 4267 Hyacinthi
839 4163 945 4241 nobis
965 4178 1056 4239 esset
1075 4162 1277 4245 indicatum,
