3166 5280
248 404 308 463 ‘2⁸26
471 404 652 463 tusTotttl
674 404 989 477 TRANSLATIONIS,
1011 426 1072 467 ure.

249 523 346 625 quod
360 524 547 624 presbyter
554 526 702 624 quidam
713 524 872 599 Hildoini
889 525 1043 618 abbatis,
1060 526 1124 627 qui
1138 552 1302 599 unacum

248 643 390 715 notario
407 658 471 713 tuo
489 644 636 713 Romam
654 642 837 739 profectus
854 658 927 729 est,
947 670 1027 715 cum
1048 643 1132 716 inde
1144 657 1304 715 reverte-

249 775 397 845 rentur,
413 773 463 844 et,
478 758 515 828 in
537 756 693 858 quodam
708 758 804 849 loco,
818 766 1001 833 communi
1015 760 1218 833 diversorio
1230 774 1303 831 ute·

248 891 394 962 rentur,
421 877 493 947 tuis
518 874 688 948 omnibus
706 875 877 949 ebrietate
903 902 943 949 ac
964 902 1091 949 somno
1113 874 1302 975 depressit,

247 1009 284 1065 et
299 992 334 1063 id
347 992 446 1091 quod
461 992 632 1090 agebatur
643 993 786 1089 penitus
799 992 1060 1093 ignorantibus,
1071 993 1218 1081 scrinia,
1231 994 1306 1095 qui-

248 1108 315 1179 bus
342 1125 548 1181 sanctorum
574 1134 726 1206 corpora
754 1108 1054 1197 continebantur,
1084 1110 1305 1209 aperuisset,

248 1250 358 1325 eaque
373 1222 454 1296 inde
475 1224 690 1313 sustulisset,
709 1241 817 1326 atque
833 1223 956 1298 abiens
970 1225 1144 1299 llildoino
1158 1224 1305 1299 detulit-

249 1357 320 1427 aet,
341 1354 377 1413 et
389 1340 499 1413 modo
509 1341 603 1439 apud
613 1342 651 1413 S.
669 1340 878 1415 Medardum
889 1342 964 1413 nint
980 1370 989 1413 ε
1005 1343 1043 1415 in
1063 1340 1207 1413 scriniis
1223 1364 1308 1415 vero

249 1461 321 1531 tuis
343 1486 470 1558 parum
493 1458 662 1558 quiddam
678 1461 765 1531 sacri
784 1460 942 1559 pulverio
959 1462 1193 1547 remansioae,
1212 1458 1309 1559 quod

155 1618 158 1623 -
249 1573 293 1646 ad
309 1592 344 1647 te
359 1599 423 1672 per
436 1574 616 1645 notarium
636 1589 736 1645 tuum
752 1575 928 1673 perlatum
943 1575 1002 1649 sit.
1019 1604 1035 1641 u
1052 1576 1196 1649 Horum
1205 1573 1311 1647 remi·

250 1694 407 1777 nisocna,
428 1718 537 1790 eaque
559 1718 642 1763 cum
666 1690 720 1763 bis
747 1718 830 1792 quae
846 1690 891 1765 ab
909 1692 1080 1767 llildoino
1099 1688 1310 1765 dicebantur

252 1809 458 1897 conferens,
474 1835 547 1882 non
560 1808 699 1882 modica
719 1810 850 1882 mentia
863 1808 1137 1910 perturbatione
1149 1832 1311 1883 oommo-

254 1940 309 1997 tus
332 1951 432 2013 sum3
458 1923 506 1997 ob
524 1924 593 1997 boo
610 1926 812 2023 praecipue,
835 1927 918 2025 quia
936 1924 1099 1998 nondum
1124 1925 1310 1999 inventum

255 2040 426 2114 habebam
445 2041 634 2113 consilium
657 2068 733 2141 quo
758 2041 855 2113 illam
874 2039 1110 2115 execrabilem
1126 2056 1238 2141 atque
1259 2066 1311 2113 nr-

256 2160 345 2230 tntia
361 2156 493 2231 diaboli
512 2155 645 2257 ubique
657 2158 875 2258 divulgatam
896 2157 1025 2230 famam
1043 2158 1254 2257 extinguere
1273 2182 1312 2229 ac

255 2274 298 2346 de
314 2270 481 2349 cordibus
494 2272 651 2371 deceptae
665 2272 908 2345 multitudinis
916 2272 1092 2370 depellere
1104 2272 1310 2371 potuinem.

256 2390 348 2461 lllud
363 2406 480 2461 tamen
496 2389 674 2485 optimum
687 2386 841 2486 judicari
862 2404 903 2459 ut
921 2386 1131 2463 Hildoiuum
1151 2410 1312 2487 rogarem

256 2506 411 2604 idipsum
419 2502 508 2575 mihi
522 2502 670 2577 reddere
678 2558 688 2591 ,
705 2502 856 2603 quodde
868 2503 954 2575 meio
965 2502 1105 2576 scriniis
1117 2500 1310 2589 sublatum,

256 2638 293 2695 et
308 2620 353 2693 ad
369 2646 406 2693 ae
420 2619 575 2693 delatum
588 2636 724 2721 atquea
740 2648 776 2694 se
789 2636 992 2719 receptum,
1006 2620 1201 2717 postillam
1212 2646 1313 2719 apon-

244 2754 396 2815 ,taccam
406 2736 681 2825 confessionem,
695 2762 825 2835 negare
840 2762 912 2809 non
927 2750 1080 2834 poterat.
1094 2734 1313 2829 Quodettm

258 2870 390 2954 quanta
405 2855 507 2953 potui
522 2855 690 2927 instantia
700 2852 944 2926 facerecurari
959 2883 971 2941 3
989 2868 1026 2927 et
1038 2852 1123 2927 licet
1139 2852 1314 2954 illepnulo

256 2967 383 3041 durior
405 2993 447 3040 ao
462 2968 663 3053 difficilior,
682 2994 790 3068 quam
812 2985 1037 3069 optaveram,
1055 2968 1096 3041 in
1115 2969 1315 3043 assentione

257 3084 401 3173 fuisset,
419 3085 535 3157 victus
561 3101 679 3156 tamen
699 3101 752 3157 cst
769 3085 955 3159 sedulitate
973 3110 1121 3184 precum
1134 3110 1313 3171 mearum,

259 3198 432 3298 cessitque
447 3197 668 3296 improbitati
686 3226 796 3289 meae,
815 3204 877 3301 qui
903 3228 939 3277 ae
958 3200 1065 3300 poulo
1083 3218 1168 3275 ante
1183 3202 1316 3277 nullim

253 3315 421 3412 jussioni,
442 3315 479 3387 in
503 3314 567 3389 bae
587 3318 788 3415 praesertim
806 3343 929 3409 cauaa,
951 3342 1131 3391 emturum
1149 3342 1317 3419 pronun·

260 3448 419 3505 neverat.

310 4030 371 4099 25.
398 4025 535 4099 lnterea
550 4025 663 4097 missis
673 4023 717 4096 ad
731 4026 926 4098 Ratleicum
938 4039 976 4097 et
990 4022 1213 4097 Lunisoncm
1227 4022 1322 4097 litte·

261 4140 476 4215 ric-erant
493 4143 591 4215 enim
615 4143 650 4213 in
676 4167 718 4215 eo
739 4142 841 4229 loeo,
858 4141 918 4213 ubi
942 4140 1146 4237 Murtyrum
1164 4164 1321 4241 corpora
