3090 5302
428 438 489 497 310
652 434 835 495 mstottta
856 433 1174 508 unlustatlonls,
1196 454 1259 495 arc.

429 578 537 653 quam
554 551 739 625 beatorum
756 551 954 625 Marcellini
973 567 1009 625 et
1022 553 1119 625 Petri
1136 550 1303 651 reliquie
1317 548 1477 623 luerunt:

429 686 471 741 ut
484 670 660 770 quidquid
676 669 723 741 ibi
742 672 934 742 salutatum
950 686 1057 769 atque
1071 671 1259 769 signorum
1272 668 1406 741 laetum
1419 696 1483 743 etse

431 788 673 886 cognoscitur,
689 788 917 886 singulariter
932 814 972 859 ac
988 788 1137 886 proprie
1153 788 1197 859 ad
1216 787 1299 859 illos
1313 788 1485 887 pertinen

430 929 470 974 ac
483 904 611 976 rel'erri
626 902 770 994 debeat,
786 930 942 1005 quorum
958 904 1049 976 solas
1065 917 1206 979 constat
1221 902 1275 975 ibi
1290 902 1400 977 luisse
1411 902 1485 975 mli·

431 1023 544 1124 quias.
571 1023 749 1095 Fecerunt
765 1021 878 1094 eidem
896 1021 1090 1095 beatissimi
1111 1022 1315 1121 Martyres,
1341 1022 1431 1092 sicut
1453 1022 1486 1093 iu

432 1137 664 1240 sequentibus
681 1137 1028 1225 demonstrabimus,
1056 1139 1094 1209 in
1112 1137 1267 1211 aliorum
1288 1152 1488 1209 sanctorm

433 1257 521 1330 locis
539 1256 669 1329 multas
681 1258 833 1331 uirtutes
848 1272 956 1357 atque
973 1255 1166 1343 miracula,
1182 1282 1268 1357 quae
1283 1252 1488 1356 quibusdam

432 1375 531 1448 velut
544 1376 748 1448 communia
766 1375 853 1461 illis,
869 1401 952 1446 cum
966 1373 1022 1446 his
1034 1375 1165 1447 sanctis
1179 1376 1217 1447 in
1231 1399 1394 1474 quorum
1408 1374 1490 1445 hui·

433 1490 511 1562 licis
523 1489 615 1563 fucta
630 1507 734 1578 sunt,
753 1518 827 1564 non
848 1492 1030 1564 immerito
1046 1490 1159 1564 videri
1176 1508 1352 1589 possunt3
1367 1488 1418 1564 ob
1429 1486 1492 1563 hot

434 1608 636 1707 praecipue,
656 1611 829 1707 quoniam
847 1608 909 1708 qui
926 1607 1021 1707 apud
1040 1606 1156 1680 Deum
1174 1606 1326 1707 aequalis
1344 1607 1492 1679 creduu-

435 1737 496 1793 tur
516 1723 661 1809 meriti,
681 1749 758 1795 non
772 1722 925 1797 absurde
941 1738 1115 1822 putantur
1132 1722 1170 1795 iu
1185 1721 1374 1823 patrandis
1393 1722 1492 1793 mira·

435 1839 524 1913 culis
543 1841 785 1913 communiter
805 1842 961 1939 operari.
984 1841 1053 1914 Sed
1072 1839 1142 1913 hoc
1161 1837 1268 1913 aliter
1286 1864 1364 1913 esse
1381 1862 1421 1911 a
1439 1864 1493 1911 n-

437 1959 535 2031 tiono
558 1959 802 2048 convincitur,
825 1985 894 2059 qua
915 1958 1055 2060 liquido
1076 1958 1364 2047 demonstratur,
1386 1956 1495 2031 nullas

435 2075 474 2146 in
489 2072 543 2145 his
556 2073 644 2147 locis
657 2073 766 2146 factas
780 2075 886 2150 fnisse
898 2077 1070 2164 virtutes,
1091 2088 1284 2177 antequam
1298 2076 1338 2149 in
1352 2074 1494 2149 illame-

436 2206 587 2261 moratae
608 2189 796 2262 beatorum
818 2193 1025 2292 Martyrum
1045 2206 1161 2264 essent
1177 2189 1307 2265 delatoe
1324 2190 1492 2293 reliquia.

438 2303 504 2376 Sed
520 2308 594 2403 jam
618 2332 734 2393 nutic,
760 2322 801 2377 ut
823 2309 1074 2405 promisimus,
1094 2332 1132 2379 ea
1154 2332 1238 2407 quae
1264 2307 1304 2379 in
1328 2306 1495 2407 proedieto

438 2421 567 2519 palatio
588 2438 673 2493 sunt
690 2438 783 2520 gesta
805 2423 974 2496 miracula
995 2422 1232 2523 proferamus.

488 2656 549 2726 61.
567 2658 653 2727 Erat
665 2655 958 2758 quidamjuvenis
969 2656 1064 2729 inter
1074 2652 1316 2730 cubicularios
1325 2654 1433 2757 regis,
1445 2682 1498 2729 ua·

442 2769 540 2844 tione
553 2770 713 2862 Graecus,
727 2773 875 2847 nomine
888 2773 1028 2871 Droga:
1043 2772 1106 2872 qui
1119 2771 1221 2846 lehre
1232 2786 1438 2875 correptus,
1444 2786 1498 2845 aut

439 2888 653 2987 negligentia
669 2915 837 2975 suorum,
859 2906 919 2960 aut
935 2889 1073 2961 inscitia
1093 2887 1318 2962 medicorum
1331 2892 1430 2989 ,jam
1441 2914 1500 2989 per

440 3005 579 3106 aliquot
594 3032 733 3080 menses
745 3006 851 3106 longa
864 3022 972 3106 atque
989 3004 1131 3079 adversa
1146 3003 1353 3079 valetudine
1366 3004 1499 3079 lahom-

442 3121 810 3225 bat.ls,posteaquam
818 3120 1500 3224 Hildoinusabbasretiquimbutittw

443 3240 577 3328 collini,
589 3243 683 3313 sicut
697 3242 733 3313 in
748 3241 905 3314 secundo
915 3240 1307 3315 librodemonstratum
1319 3256 1389 3331 eat,
1403 3236 1502 3315 nobit

444 3357 827 3450 reddidit‚admonitus
837 3362 873 3431 in
887 3360 1021 3433 somnis
1033 3373 1073 3430 ut
1082 3356 1334 3431 adoratorium
1342 3374 1500 3433 nosuuu

443 3476 595 3561 veniret,
608 3474 1502 3577 ibiquecereumquatuordenariisemptumaoen·

443 3592 557 3682 deret,
569 3618 610 3664 ac
623 3610 785 3665 sanctum
799 3594 1049 3667 Marcellinum
1056 3608 1275 3695 martyrem,
1287 3596 1392 3693 cujus
1404 3604 1502 3693 eaput

444 3706 493 3779 ibi
505 3707 817 3798 esseasserebatur,
827 3709 894 3782 sibi
908 3710 943 3781 in
952 3709 1171 3808 adjutorium
1180 3708 1502 3801 invoa-reusam

444 3852 572 3925 quase
599 3826 627 3896 si
659 3826 728 3901 hoc
753 3825 906 3914 faceret,
932 3854 970 3900 ea
996 3852 1066 3926 qua
1093 3829 1168 3925 jam
1192 3824 1257 3897 diu
1286 3822 1501 3901 tabonmt

445 3942 656 4015 infirmitate
674 3944 747 4016 cito
770 3970 844 4016 esse
866 3945 1082 4033 cariturum,
1106 3940 1260 4015 credidit
1278 3938 1498 4024 admonenti,

444 4075 480 4129 et
502 4059 537 4132 id
563 4060 660 4159 quod
685 4063 900 4160 imperatum
921 4061 1061 4150 luerat,
1082 4074 1216 4161 quanta
1238 4061 1364 4161 potuit
1382 4056 1500 4133 actui-

445 4189 516 4249 tate
545 4178 751 4275 complevit.
777 4179 976 4277 Statimque
999 4204 1104 4252 sanus
1128 4176 1265 4263 tactus,
1296 4190 1334 4251 et
1358 4170 1499 4273 reecpit
