3166 5280
259 370 318 432 402
539 371 756 436 RHYTHMUS
777 377 829 436 DE
850 376 1027 437 passione

258 503 359 568 Fama
374 503 485 583 velox,
504 527 561 593 per
576 506 683 572 vicina
697 507 802 573 statim
820 507 891 574 loca
906 504 1060 587 volitans,

257 617 377 685 ll'lultos
390 618 483 685 valde
497 624 707 712 congregavit
718 625 804 689 viros
823 638 918 714 atque
931 622 1080 691 seminas.

255 736 337 801 Nam
353 760 418 802 non
436 737 543 804 minus
559 762 656 828 quam
675 741 808 811 trecenti
821 764 1000 807 convenere
1015 739 1170 817 masculi,

256 850 429 916 Mulierum
442 876 572 942 quoque
586 852 692 941 major
706 878 860 921 numerus
877 854 1095 933 confluxerat,

254 967 357 1033 Simul
370 991 481 1034 omnes
498 967 693 1036 admirantes
707 985 848 1037 sanctam
864 970 983 1037 Christi
999 969 1151 1059 gloriam.

252 1081 378 1147 Etenim
396 1082 571 1150 cernebant
586 1085 714 1166 cuncti,
732 1082 821 1174 quod
837 1085 871 1149 in
886 1084 1007 1151 Christi
1023 1085 1157 1151 nomine

252 1198 374 1264 Omnes
389 1198 495 1265 morbi
511 1215 702 1267 sanarentur
719 1224 776 1291 per
792 1224 962 1291 supernam
978 1201 1134 1289 qratiam,

249 1316 375 1406 Perque
390 1340 479 1382 sacra
494 1318 581 1384 Petri
594 1318 683 1406 jussa
697 1317 896 1409 pellerentur
909 1317 1084 1387 daemones.

250 1433 291 1498 Et
307 1432 468 1514 videntes,
485 1432 582 1500 corde
597 1457 681 1524 puro
697 1457 811 1524 capere
827 1432 1012 1502 desiderant

249 1549 364 1616 Fidem
382 1551 503 1616 Christi
519 1549 711 1632 salutarem,
730 1550 827 1619 simul
841 1567 937 1641 atque
953 1552 1100 1641 flagitant

251 1666 294 1732 Ut
313 1667 346 1732 in
365 1668 447 1733 sacri
462 1682 663 1735 mererentur
681 1667 770 1733 unda
783 1666 884 1735 sontis
902 1667 1005 1736 ablui.

250 1782 323 1848 Huc
339 1784 463 1863 statim,
481 1797 617 1849 vocante
632 1783 748 1863 Petro,
764 1785 854 1851 venit
867 1785 989 1852 Christi
1002 1782 1165 1865 famulus,

249 1901 388 1989 Magnus
405 1915 526 1990 martyr
540 1914 572 1967 et
589 1898 765 1982 confessor,
784 1899 993 1968 Marcellinus
1009 1901 1190 1993 presbyter,

248 2016 294 2081 Ut
311 2014 474 2081 novellum
491 2014 698 2082 confirmaret
714 2014 900 2107 baptismate
916 2015 1089 2108 populum.

251 2132 335 2222 Quae
350 2132 428 2198 dum
446 2148 549 2198 essent
563 2130 737 2222 adimpleta
754 2134 948 2223 competenti
966 2132 1103 2209 ordine,

249 2248 338 2313 Nutu
354 2247 414 2313 Dei
430 2245 620 2337 quaterdeni
638 2246 704 2313 dies
720 2245 842 2313 evoluti
858 2262 952 2328 sunt,

248 2366 311 2431 Per
327 2387 409 2455 quos
423 2364 532 2431 Sancti
550 2387 640 2431 norae
657 2364 761 2452 gentis
779 2365 944 2431 nationem
960 2362 1117 2432 roborant

249 2482 311 2561 Ut,
331 2482 364 2546 in
381 2481 510 2547 Christo
526 2495 765 2570 permanentes,
784 2494 946 2546 creaturas
961 2478 1068 2545 colere

248 2598 378 2679 Nolim,
398 2599 497 2664 vitam
513 2621 616 2688 neque
633 2598 726 2664 istam
741 2596 829 2663 velut
843 2598 954 2687 magni
967 2597 1137 2688 quippiam

248 2713 511 2805 Amplectamur,
530 2715 629 2780 immo
645 2712 745 2780 velint
761 2727 894 2803 propter
909 2714 1014 2803 ipsum
1029 2712 1179 2805 perdere.

295 2838 328 2896 7.
353 2832 412 2897 His
425 2830 560 2907 exactis,
581 2826 670 2896 adest
684 2828 758 2895 saevi
774 2828 890 2893 missus
906 2825 1002 2894 lictor
1014 2827 1157 2916 judicis,

249 2946 372 3012 lubens
387 2969 498 3012 omnes
513 2946 572 3035 qui
587 2944 723 3011 luissent
739 2957 822 3011 tetro
836 2943 935 3010 clausi
951 2966 1097 3025 carcere,

250 3059 302 3126 Ad
322 3073 528 3151 conspectum
548 3071 642 3126 noete
657 3060 761 3150 prima
778 3057 893 3125 arbitri
909 3058 1083 3146 assistere(
1106 3062 1134 3147 ).

253 3173 353 3265 Quod
369 3174 529 3264 extemplo
546 3199 620 3241 cum
636 3173 777 3241 audisset
795 3176 856 3241 atri
871 3188 979 3241 custos
994 3175 1158 3255 carceris,

250 3291 383 3358 Blandis
399 3292 543 3371 vinctos,
562 3292 618 3381 qui
633 3290 783 3371 aderant,
801 3291 934 3359 vocibus
947 3289 1141 3383 alloquitur,

250 3408 339 3474 lrcnt
354 3406 481 3487 cuncti,
495 3429 630 3497 quoquo
648 3430 777 3473 vorsum
791 3407 888 3474 vellet
902 3407 1038 3498 quisque
1053 3432 1202 3499 pergere.

255 3525 349 3617 «Qui
366 3523 407 3590 ad
422 3523 582 3615 palmam,
600 3523 723 3613 inquit,
743 3524 835 3612 regni
855 3524 1023 3613 pervenire
1038 3524 1181 3615 cogitat,

250 3643 309 3711 Ille
326 3666 453 3709 mecum
465 3640 507 3707 ad
521 3640 634 3707 Sereni
646 3638 767 3730 judicis
783 3641 999 3730 praesentiam,

250 3764 365 3829 Poenas
381 3759 428 3827 ibi
446 3758 628 3840 subiturus,
646 3781 778 3849 pergere
796 3780 862 3823 non
879 3756 1004 3823 dubitet
1022 3758 1084 3843 (a).

256 3952 1308 3969 naun—‘mm

288 4055 326 4123 (r)
344 4050 416 4106 Cod.
429 4050 543 4103 arbitris
555 4048 695 4105 adsistis.

287 4155 325 4221 (a)
345 4149 417 4203 Fuit.
436 4148 552 4202 boesitet.
