3090 5302
240 459 299 520 104
560 454 752 517 mnflannl
775 455 982 518 EPISTOLAE.

239 595 385 668 noster,
404 605 546 653 necnon
565 593 602 650 et
619 576 690 650 filia
709 592 784 664 tua,
807 603 930 652 amore
953 579 1126 680 conjugii,
1146 579 1240 654 alter
1256 581 1311 654 al-

241 712 360 773 terum
379 695 543 796 adipisci,
566 693 726 767 Domino
743 692 886 769 favente
905 711 943 767 et
965 710 1081 769 vestra
1101 696 1308 786 voluntate,

56 832 62 841 ·
134 860 144 877 ·
239 814 405 911 cupiunt.
433 809 676 905 Quamobrem
692 811 736 882 ad
760 836 824 884 vos
844 812 988 887 mittere
1008 811 1170 903 decrevi,
1197 815 1311 891 inno-

240 944 414 1067 tescenpes
426 928 525 1030 quod
540 945 613 1000 tam
631 929 737 1001 matri
757 944 794 1000 et
811 927 937 1018 fratri,
951 955 1061 1031 quam
1081 945 1118 1005 et
1138 930 1312 1006 omnibus

238 1047 474 1147 propinquis,
499 1046 528 1119 si
553 1043 656 1120 vobis
680 1045 797 1145 placet
823 1061 865 1118 ιιι
893 1043 978 1138 fiat,
1006 1071 1216 1148 congruum
1238 1074 1314 1125 esse

238 1162 394 1236 videtur.
413 1163 564 1261 Insuper
580 1163 689 1236 etiam
703 1188 769 1262 ego
791 1188 868 1236 non
882 1162 1001 1237 solum
1016 1178 1059 1236 ut
1072 1163 1313 1238 confirmetur

238 1282 338 1370 volo,
353 1279 414 1355 sed
433 1296 474 1355 ut
490 1279 712 1369 honorifice,
733 1295 845 1381 prout
868 1281 974 1354 citius
989 1282 1044 1380 (1)
1062 1307 1137 1356 esse
1152 1283 1310 1382 poterit,

238 1401 266 1472 si
284 1398 374 1473 mihi
391 1397 435 1472 ad
452 1397 713 1500 perficiendum
738 1413 952 1497 potestatem
967 1396 1152 1489 dederitis,
1173 1414 1251 1472 tam
1272 1399 1312 1473 in

238 1514 436 1605 beneficiis,
452 1540 561 1616 quam
576 1516 615 1588 in
632 1515 710 1587 aliis
724 1514 846 1604 rebus,
864 1515 1044 1616 condigne
1057 1512 1227 1616 supplere
1245 1540 1313 1588 cu·

237 1637 315 1734 pio.
329 1635 481 1734 Insuper
499 1633 594 1707 idem
616 1634 691 1734 ipse
709 1632 882 1733 praefatus
898 1633 1049 1706 vasallus
1065 1632 1191 1709 dotem
1209 1629 1313 1706 dabir

239 1750 307 1852 [et]
327 1767 434 1853 auget
456 1778 605 1825 munera
622 1782 630 1823 ε
647 1749 902 1827 tantummodo
920 1750 1005 1826 huic
1022 1750 1074 1825 rei
1090 1767 1256 1852 superest
1270 1766 1313 1824 ιιι

237 1885 300 1943 aut
318 1895 382 1944 ros
409 1870 475 1969 ipsi
502 1869 545 1943 ad
570 1868 750 1969 hocopus
776 1867 1037 1969 perficiendum
1063 1898 1128 1970 per
1153 1896 1312 1970 praeseus

237 1987 363 2062 venire
376 2013 453 2061 non
466 1987 653 2078 differatis,
669 2005 745 2077 aut,
758 2003 802 2059 ιιι
814 2015 832 2060 a
844 1987 951 2062 nobis
965 1989 1187 2091 perficiatur,
1201 1989 1312 2064 licen·

238 2104 326 2177 tiam
351 2103 568 2178 concedatis.
584 2107 724 2179 Scimus
738 2106 835 2178 enim
858 2106 947 2208 quid
961 2133 1027 2206 per
1040 2132 1211 2206 praesens,
1234 2107 1313 2181 Do-

237 2222 341 2296 mino
370 2220 533 2310 favente,
564 2224 708 2324 explere
738 2249 946 2323 possumus3
980 2224 1039 2298 sed
1071 2224 1159 2326 quid
1184 2223 1310 2297 sutura

237 2340 353 2440 pariat
367 2339 441 2415 dies
456 2341 676 2442 ignoramus.
691 2340 776 2415 Ideo
789 2343 966 2441 scriptum
977 2358 1053 2415 est:
1070 2373 1089 2411 u
1102 2340 1187 2416 Non
1199 2357 1311 2416 cesset

236 2482 364 2529 manus
380 2473 463 2547 tua,
481 2484 557 2534 non
573 2475 683 2532 cesset
695 2484 757 2558 pes
769 2474 865 2548 tuus,
881 2458 941 2533 sed
951 2457 1207 2561 quodcumque
1220 2456 1311 2559 [sa-

237 2602 317 2649 cere
330 2594 504 2677 possunt,
520 2579 712 2679 instanter]
729 2605 879 2680 operare
891 2579 958 2677 (2).
971 2607 991 2648 n
1007 2579 1071 2651 His
1086 2579 1134 2652 ita
1148 2578 1311 2678 praemis·

237 2691 284 2763 sis
301 2692 374 2792 (3),
400 2720 567 2795 rogamus
586 2710 645 2788 ut,
669 2713 742 2769 tam
763 2722 829 2795 per
844 2692 943 2767 hunc
959 2695 1108 2768 missum
1132 2695 1308 2794 [nostrum

236 2838 345 2907 quam
355 2840 424 2912 per
432 2814 583 2912 lic]teras
598 2830 744 2904 vestras,
761 2840 827 2891 nos
840 2814 885 2888 dc
898 2812 964 2886 hac
977 2840 1015 2887 re
1028 2829 1146 2887 certos
1158 2811 1310 2887 reddere

236 2928 405 3002 studeatis
413 2933 514 3027 (diac
525 2932 717 3032 fe[st1netis
732 2931 860 3032 quam]
871 2933 958 3005 cito.
976 2930 1073 3006 Bene
1091 2927 1216 3005 valete.

517 3168 633 3234 mlx.
659 3171 709 3230 AD
730 3170 767 3230 N.
789 3168 1019 3231 EPISOOPUM.

283 3329 444 3402 Domino
457 3345 583 3402 sancto
603 3345 639 3403 et
655 3331 788 3403 merito
808 3326 1005 3404 venerabili
1019 3327 1066 3400 N.
1084 3327 1216 3400 summi
1236 3328 1303 3402 Dei

232 3442 429 3534 sacerdoti,
454 3443 659 3519 Einhardus
680 3461 859 3545 peccator.
877 3486 926 3503 -
940 3442 1101 3518 Vasallns
1127 3443 1194 3517 iste
1220 3442 1304 3544 [ruo-

232 3563 343 3664 mine]
359 3563 495 3653 lrtheo,
513 3565 740 3666 propinquus
751 3589 851 3639 meus
863 3579 917 3637 est
933 3579 970 3636 et
981 3562 1054 3634 fuit
1065 3586 1131 3662 per
1143 3561 1304 3662 aliquan·

249 3776 409 3787 ——m

267 3904 306 3974 (ι)
324 3903 397 3960 cod.
410 3908 508 3960 cr'uius.

266 3993 305 4064 (a)
325 3994 369 4049 cf.
383 3995 484 4051 Ecclcs.
499 4015 537 4063 rx,
557 4016 600 4065 ιο,
616 4009 645 4051 et
662 4015 702 4063 ru,
717 3997 736 4050 6
749 3997 880 4071 (vulp).

268 4079 306 4154 (3)
326 4084 404 4138 Hanc
417 4104 511 4141 vocem
524 4106 587 4142 curn
602 4086 685 4142 editis
698 4085 894 4151 emendamus;
909 4086 970 4142 cod.
985 4090 1087 4143 carissi.

268 4168 307 4241 (4)
326 4172 395 4227 Cod.
410 4174 527 4229 studete.
