3166 5280
266 402 327 465 368
490 402 674 465 HISTORIA
693 404 1012 483 Tmsttttottls,
1032 428 1096 473 nc.

266 523 364 627 genti
384 525 578 626 torquebar
596 525 748 614 invidia3
770 553 861 629 quos
880 529 988 602 etiam
1006 528 1067 603 hic
1084 528 1201 605 modo
1215 532 1330 629 patior

268 640 534 714 infestissimos:
549 640 712 714 cruciant
727 644 826 715 enim
836 669 894 717 me
907 658 1094 720 tormento
1104 644 1327 735 incredibili,

265 773 374 859 atque
398 758 553 831 invitum
579 757 623 832 de
649 756 718 833 boc
743 786 841 847 vase,
870 761 907 833 in
933 786 1009 862 quo
1034 761 1100 835 din
1124 760 1327 852 latitabam,

266 877 363 951 exire
379 875 613 976 compellunt.
627 906 646 946 s
660 877 726 949 Cui
742 875 953 978 presbyter:
968 908 988 949 a
998 880 1092 952 Cum
1106 880 1253 970 exieris,
1273 884 1329 957 in-

265 994 366 1095 quit,
382 1021 457 1096 quo
473 1008 703 1094 perrecturus
719 990 780 1069 es?
789 1038 839 1053 —
851 998 947 1095 Ego,
964 995 1033 1087 ait,
1053 998 1094 1069 iu
1110 998 1209 1071 viam
1223 1000 1330 1099 pessi-

266 1138 362 1185 mam
372 1128 620 1211 perrecturus,
636 1129 673 1184 et
691 1110 908 1212 longinquas
923 1112 1152 1215 desertasque
1168 1116 1330 1219 regiones

266 1230 446 1330 petiturus
463 1255 556 1301 sum.
572 1257 591 1297 n
608 1228 693 1301 Post
715 1227 792 1303 haec
804 1255 888 1302 cum
904 1245 941 1303 et
958 1233 1187 1308 occasionem
1199 1248 1238 1310 et
1249 1260 1328 1311 mo-

264 1346 350 1419 dum
364 1345 593 1447 ingressionis
609 1370 683 1419 suae
697 1344 850 1445 jubente
866 1346 1081 1451 presbyten)
1092 1352 1325 1451 exposuisset,

264 1490 457 1538 conversus
472 1463 516 1536 ad
528 1462 721 1537 feminamz
736 1494 755 1533 u
768 1465 862 1565 Ego,
883 1466 1017 1566 inquit,
1035 1468 1164 1543 infelix
1181 1469 1323 1560 mulien

262 1598 456 1684 antequam
467 1608 610 1671 exeam,
625 1606 701 1655 ossa
712 1595 772 1654 tua
784 1581 952 1657 collidam
963 1598 1071 1686 atqoe
1080 1586 1321 1691 confringam,

264 1716 372 1802 teque
387 1697 544 1775 debilem
565 1724 607 1772 ac
629 1712 763 1773 nostrae
786 1699 965 1773 societatis
985 1726 1188 1779 memorem
1209 1704 1321 1779 relin-

262 1844 384 1920 quam.
405 1818 590 1890 »Etcum
608 1816 686 1906 illa,
706 1816 806 1890 velut
829 1814 1049 1891 infirmitatis
1064 1844 1143 1893 sum
1162 1824 1320 1909 conscia,

262 1935 430 2037 coepisset
438 1961 526 2009 voce
535 1933 687 2033 supplici
698 1948 805 2035 atque
816 1930 987 2008 submissa
998 1935 1221 2013 Sanctorum
1230 1940 1321 2013 auxi·

262 2054 354 2127 lium
366 2052 580 2154 implorare,
595 2050 654 2125 ille
667 2051 787 2123 statim
800 2103 811 2137 ,
824 2075 891 2149 per
905 2077 947 2127 os
960 2052 1071 2151 ipsius
1081 2078 1168 2126 cnm
1185 2056 1317 2157 ingenti

261 2168 466 2243 austeritate
482 2167 639 2240 fremens
653 2179 691 2237 et
707 2166 939 2264 increpitans,
949 2166 1050 2269 loqui
1066 2167 1208 2244 volenti
1220 2170 1319 2247 silen-

263 2288 356 2361 tium
375 2284 575 2387 imperarit.
594 2286 682 2357 Erat
697 2284 796 2358 enim
808 2282 935 2374 nobis,
951 2285 1016 2387 qui
1031 2302 1232 2385 praesentes
1246 2314 1319 2363 era-

261 2427 359 2490 mus,
377 2401 422 2474 ad
442 2398 638 2473 videndum
655 2397 756 2472 valde
774 2398 956 2490 mirabile,
979 2400 1082 2503 quod
1101 2400 1165 2479 ille
1178 2402 1318 2503 spiritns

261 2515 467 2591 immundus
491 2542 557 2615 per
579 2540 620 2588 os
647 2514 803 2613 ejusdem
832 2515 1053 2591 mulierculae
1079 2530 1157 2591 tam
1181 2516 1317 2593 diverso

260 2634 369 2709 modo
382 2632 614 2735 loquebatur3
631 2646 668 2705 et
685 2658 783 2705 nnnc
799 2633 1018 2723 masculinae,
1027 2660 1130 2711 nnnc
1137 2635 1317 2712 feminine

259 2752 357 2827 vocis
367 2748 576 2852 qualitatem
590 2747 641 2819 sic
652 2746 694 2819 ad
707 2772 840 2847 purum
851 2748 1095 2848 exprimebat,
1108 2768 1153 2825 ut
1163 2776 1316 2826 nonum

258 2866 320 2943 sed
340 2866 421 2939 duae
448 2866 488 2938 in
504 2890 544 2939 ea
561 2862 691 2936 acriter
711 2862 945 2957 altercantes,
971 2890 1079 2968 seque
1097 2866 1144 2941 ad
1168 2868 1314 2945 invicem

258 2982 426 3057 convitiis
443 2980 651 3055 lacessentes
668 3004 851 3077 personae,
866 3006 940 3057 esse
955 2982 1182 3059 riderentur.
1200 2984 1251 3059 Et
1265 3010 1315 3059 re·

257 3125 340 3173 vera
355 3097 436 3171 duae
450 3111 575 3184 erant,
588 3094 725 3168 diversa
737 3095 834 3181 inter
845 3098 1078 3175 aevoluutate
1087 3098 1310 3177 dissidentes:

257 3215 432 3291 daemonis
447 3238 538 3301 una,
551 3236 750 3312 possessum
764 3238 784 3284 a
801 3238 838 3286 se
850 3239 980 3315 corpus
991 3216 1166 3293 collidere
1175 3218 1312 3320 cupien-

257 3336 325 3424 tis,
344 3330 504 3404 mulieris
519 3327 648 3417 altera,
668 3327 769 3404 boste
780 3355 856 3431 quo
870 3330 1060 3407 tenebatur
1071 3332 1311 3411 liberaridesi-

255 3446 434 3537 derantis}
460 3473 543 3548 quae
565 3446 748 3522 diversitas
770 3447 1020 3540 voluntatum,
1044 3476 1090 3527 ex
1110 3450 1311 3553 dirps-itate

254 3594 385 3645 vocum
395 3592 435 3639 ac
446 3563 738 3640 dissimilitudine
756 3563 971 3657 verborum,
988 3594 1070 3669 quas
1087 3570 1237 3647 interae
1245 3572 1312 3671 jac·

254 3686 399 3773 tabant,
411 3682 493 3755 satis
507 3680 601 3754 clare
616 3695 723 3782 atque
733 3696 855 3782 aperte
871 3698 1013 3781 poterat
1023 3684 1194 3785 intelligi.
1205 3684 1310 3761 Gom·

252 3804 352 3905 pleto
380 3799 492 3900 igitur
509 3800 612 3896 juxta
639 3798 938 3873 consuetudinem
967 3801 1132 3901 mysterii
1158 3802 1309 3879 coelestis

252 3920 388 4005 officio,
401 3914 578 4017 nobisque
590 3914 634 3987 ad
652 3916 806 3989 curanda
822 3940 977 4018 corpora
991 3916 1036 3991 de
1047 3914 1195 3993 basilica
1209 3944 1310 4021 egre-

249 4034 450 4127 dientibus,
465 4035 633 4133 jussimus
648 4033 821 4107 feminam
836 4062 920 4110 cum
936 4033 1146 4111 custodibus
1163 4034 1306 4123 ibidem,

249 4157 364 4230 donec
404 4166 684 4237 reverteremur,
722 4152 903 4251 opperiri,
939 4150 1106 4227 fiduciam
1139 4152 1308 4231 babentes
