3166 5280
252 356 309 414 iso
475 345 659 410 nisroun
681 347 1000 424 Tntnsts'rtonts,
1022 370 1085 411 uc.

247 470 356 543 ctiam
367 465 462 540 illius
474 467 702 542 monumenti
714 465 906 565 qualitate,
922 465 1124 560 discedunt,
1140 467 1315 543 aestimau-

248 606 302 661 tes
319 584 387 658 hoc
403 584 537 658 factum
554 582 734 682 hospitem
752 610 856 656 suum
871 610 975 683 posse
996 584 1119 659 latere.
1133 582 1316 661 Setlaliter

249 704 387 789 evenit,
404 727 513 801 quam
532 698 699 773 arbitrati
719 715 817 773 sunt.
834 700 926 774 Nam
942 700 1029 775 licet
1046 704 1112 802 ipsi
1136 702 1316 777 nescirent

248 818 380 922 quibus
398 817 553 903 indiciis,
568 818 642 892 cito
655 833 774 891 nmen
788 818 832 891 ad
852 818 955 891 illum
971 818 1172 919 liujusl'acti
1189 820 1315 895 notitia

251 936 416 1036 pervenit
434 965 442 1007 :
466 935 674 1035 veritusque
692 960 739 1007 ne
757 943 833 1009 sine
850 935 914 1009 illo
928 935 1107 1010 voluntati
1125 962 1201 1011 suae
1218 936 1317 1010 saus

249 1053 366 1127 lacere
390 1050 618 1140 debuissent,
643 1053 769 1125 statuit
787 1051 940 1128 consilio
962 1078 1087 1127 eorum
1112 1051 1316 1129 festinando

250 1172 463 1272 praevenire.
478 1169 528 1241 Et
540 1170 623 1270 quia
641 1169 701 1243 ille
717 1168 928 1245 eorumdem
943 1169 1109 1245 locorum
1120 1169 1317 1270 plenariam

250 1306 358 1390 atque
374 1286 623 1361 omnimodam
639 1286 806 1359 notitiam
820 1285 989 1380 habebat,
1001 1284 1134 1361 blande
1143 1287 1227 1361 illos
1237 1286 1318 1363 allo·

250 1407 390 1506 quitur,
405 1404 644 1504 hortaturque
658 1419 700 1475 ut
714 1403 801 1477 illuc
818 1403 925 1477 simul
945 1404 1110 1493 veniant3
1131 1404 1213 1479 etsi
1227 1404 1318 1479 Deus

251 1527 344 1599 votis
357 1551 486 1599 eorum
499 1524 618 1599 lavere
632 1523 856 1621 dignaretur,
870 1524 1056 1597 communi
1067 1522 1224 1601 consilio
1233 1522 1317 1601 face

251 1658 347 1730 rent,
364 1640 540 1743 quidquid
552 1642 601 1714 eis
616 1639 800 1714 videretur
814 1638 1031 1713 faciendum.

300 1884 336 1954 8.
383 1880 522 1953 Assensi
560 1895 644 1949 sunt
688 1883 763 1976 ejus
802 1878 980 1951 voluntati
992 1931 1003 1966 ,
1039 1892 1253 1981 tempusque
1284 1880 1318 1955 id

250 1994 477 2095 aggrediendi
491 1996 566 2095 pari
586 2019 763 2070 consensu
781 1996 1024 2071 constituunt.
1044 1998 1151 2069 Tunc
1171 2011 1317 2097 peracto

246 2114 387 2213 jejunio
400 2110 590 2198 triduano,
607 2128 718 2187 noctu
735 2113 780 2185 ad
796 2113 932 2201 locum,
949 2112 1053 2188 nullo
1068 2114 1318 2191 Romanorum

252 2232 385 2304 civium
409 2232 610 2322 sentiente,
626 2231 872 2329 perveniunt,
902 2230 1121 2331 ingressique
1135 2230 1318 2305 basilicam

252 2348 289 2419 S.
312 2345 471 2421 Tiburtii
481 2401 492 2437 ,
511 2348 633 2447 primo
647 2347 759 2421 altare
778 2346 888 2435 illud,
907 2346 975 2421 sub
991 2373 1068 2449 quo
1084 2373 1227 2423 sacrum
1243 2350 1319 2449 ejus

252 2488 384 2562 corpus
408 2464 518 2535 situm
547 2461 785 2548 credebatur,
811 2462 950 2561 aperire
977 2479 1223 2539 tentaverunt.
1250 2463 1320 2539 Scd

251 2607 378 2679 parum
405 2583 573 2656 successit
594 2606 721 2657 eorum
745 2581 926 2656 voluntati
949 2581 1096 2657 molitio
1118 2582 1242 2681 operis
1267 2583 1321 2657 in-

251 2697 370 2773 clioati
394 2731 404 2772 ι
429 2728 515 2773 nam
533 2716 839 2791 monumentum,
855 2698 1048 2776 durissimo
1065 2726 1251 2776 marmore
1260 2726 1320 2777 ex·

250 2831 432 2903 tractum,
450 2818 606 2892 inermes
626 2815 663 2890 id
685 2818 824 2916 aperire
842 2820 1056 2894 conantium
1070 2844 1199 2891 manus
1213 2816 1320 2893 facile

250 2935 458 3036 repellebat.
476 2939 604 3037 Igitur,
623 2937 757 3010 omisso
774 2935 870 3009 illius
886 2938 1053 3035 martyris
1068 2936 1252 3037 sepulcro,
1275 2934 1320 3011 ad

250 3051 413 3125 tumbam
441 3050 631 3127 beatorum
659 3053 860 3126 Marcellini
886 3069 923 3126 et
946 3055 1042 3128 Petri
1070 3053 1317 3143 descendunt,

250 3186 358 3271 atque
380 3168 454 3258 ibi,
478 3171 645 3245 invocato
666 3171 828 3246 Domino
849 3188 978 3247 nostro
992 3174 1077 3249 Jesu
1094 3171 1264 3261 christo,
1281 3188 1321 3247 et

249 3286 405 3359 adoratis
427 3288 557 3361 sanctis
582 3286 824 3390 Martyribus,
844 3289 1019 3390 lapidem,
1039 3316 1115 3391 quo
1132 3290 1320 3365 summitas

250 3402 404 3503 sepulcri
423 3402 621 3504 tegebatur,
636 3406 680 3481 de
697 3407 777 3481 loco
792 3433 858 3482 suo
873 3407 990 3482 levare
1004 3407 1222 3483 moliuntur.
1237 3408 1321 3503 Quo

249 3518 404 3609 sublato,
413 3520 827 3597 videntsacratissimum
837 3526 948 3599 sancti
959 3525 1159 3600 Marcellini
1170 3552 1318 3629 corpus,

252 3640 288 3713 in
300 3638 547 3739 superioribus
563 3644 593 3739 ej
598 3641 720 3717 usdem
734 3643 888 3741 sepulcri
902 3644 1065 3743 partibus
1078 3645 1253 3745 positum,
1267 3660 1320 3717 ta·

248 3755 442 3859 bulamque
459 3785 698 3833 marmoream
714 3758 759 3833 ad
774 3776 881 3859 caput
895 3761 1069 3861 positam,
1085 3788 1169 3865 quae
1187 3760 1318 3851 titulo,

248 3902 356 3977 quem
375 3875 608 3967 continebat,
622 3877 766 3953 evidens
782 3877 955 3953 indicium
967 3877 1097 3969 dabat,
1112 3880 1214 3979 cujus
1224 3880 1263 3953 in
1273 3904 1319 3955 eo

249 3990 332 4068 loco
355 3997 526 4097 martyris
546 3994 709 4070 membra
723 3996 930 4094 jacuissent.
948 3995 1073 4091 Quod,
1087 4012 1128 4069 ut
1142 4012 1318 4097 parerat,

249 4135 332 4184 cum
342 4139 478 4187 summa
494 4116 726 4189 veneratione
740 4115 973 4214 suscipientes
982 4116 1118 4203 levant,
1130 4131 1167 4189 et
1179 4112 1319 4191 munda
