3090 5302
238 498 299 556 156
525 496 575 556 hl)
599 491 792 554 Elttsstltttt
816 489 1018 551 EPISTOLAS

237 616 344 682 lentie
356 630 467 684 vestra
481 613 635 682 scrihere.
653 613 782 682 Etcum
798 611 903 678 moab
918 612 981 677 hoc
997 610 1104 676 officio
1120 608 1191 676 alite
1209 612 1309 677 ratio·

238 730 362 799 nabiles
390 754 510 813 cause,
539 747 608 798 tum
632 731 729 796 etiam
762 753 800 795 ea
825 729 962 795 maxime
984 724 1189 807 deterrebat,
1216 725 1307 817 quod

237 871 329 939 posse
346 845 379 913 id
407 847 598 938 contingere
622 844 793 912 videbatur
815 860 870 925 ut,
896 844 975 911 dum
992 858 1128 911 vestram
1155 868 1308 935 cuperem

236 965 413 1032 amicitiam
430 988 641 1057 comparare,
661 963 818 1031 offensam
840 963 1054 1029 incurrerem.
1071 959 1203 1027 Scilicet
1219 958 1310 1051 quod

236 1101 442 1170 praepropero
456 1094 489 1147 et
506 1080 659 1147 inusitato
673 1102 805 1171 prorsus
822 1076 950 1159 ordine,
971 1077 1013 1143 ab
1026 1078 1096 1169 ipso
1109 1074 1312 1143 familiarita-

237 1194 277 1260 tis
293 1219 428 1262 munere
444 1197 687 1277 inchoaverim,
709 1197 766 1286 qui
784 1218 844 1262 nec
860 1193 1040 1287 primordia
1059 1195 1183 1261 notitiae
1201 1193 1310 1259 conti·

237 1312 367 1402 gissom.
389 1311 438 1379 Ita
461 1313 668 1380 vehementer
692 1312 856 1392 estuanti,
882 1309 1010 1393 facilis,
1033 1326 1065 1378 et
1089 1310 1256 1391 modesta,
1280 1325 1313 1377 et

237 1452 310 1519 quie
325 1450 402 1496 sane
421 1427 660 1521 philosophiam
684 1429 814 1509 doceat,
838 1429 940 1495 animi
962 1428 1059 1495 vostri
1077 1442 1193 1495 natura
1215 1441 1312 1494 tantm

238 1545 284 1610 rei
296 1544 482 1613 obtinendae
492 1569 579 1638 spem
591 1544 716 1612 tribuit.
729 1544 851 1612 Verum
863 1558 899 1611 ut
909 1542 1033 1635 aliquid
1047 1544 1182 1611 rationis
1193 1542 1311 1609 afferre

238 1658 363 1741 videar,
377 1676 468 1728 taceo
480 1661 614 1753 quidem
626 1661 821 1729 secularium
835 1660 1015 1728 litterarum
1030 1659 1070 1727 dc
1082 1661 1228 1727 amicitia
1240 1683 1312 1726 sen·

238 1777 374 1862 tentias3
393 1802 454 1861 ne,
472 1781 628 1871 quoniam
645 1780 691 1845 eis
702 1779 848 1871 apprime
865 1776 1077 1861 incubuistis,
1094 1777 1311 1845 Horatianum

239 1892 321 1962 illud
333 1893 594 1963 doctissimomm
603 1920 659 1964 oro
672 1896 785 1962 tritum
794 1895 910 1962 merito
922 1895 1079 1986 accipiam
1094 1921 1102 1961 :
1119 1894 1181 1960 «in
1195 1892 1310 1960 silvam

240 2033 281 2075 ne
294 2008 384 2099 ligna
395 2010 481 2078 feras
493 2010 672 2104 (1)».Deus
688 2026 774 2079 certe
789 2025 898 2078 noster
914 2009 1033 2077 nedum
1047 2008 1189 2100 aliquam
1203 2033 1313 2102 asper·

239 2125 340 2193 nandi
362 2129 484 2196 amicos
507 2131 709 2197 occasionem
731 2129 947 2221 relinqueret,
972 2127 1157 2219 diligendos
1174 2130 1312 2196 omnino

240 2244 390 2312 inimicos
410 2248 618 2340 prescripsit.
634 2246 747 2338 Itaque
770 2247 940 2338 patienter,
964 2268 1094 2337 queso,
1112 2261 1145 2314 et
1169 2244 1313 2336 benigne

238 2360 395 2429 advortite
417 2365 584 2446 animum,
609 2364 687 2432 dum
713 2363 810 2430 altius
832 2387 919 2430 meas
940 2376 1050 2453 repeto
1074 2362 1310 2452 cogitationes,

238 2492 275 2545 ut
289 2503 381 2546 nosse
389 2482 517 2572 possitis
526 2505 625 2573 quam
635 2480 699 2548 hoc
713 2505 779 2548 non
791 2503 960 2572 perperam
974 2503 1033 2547 nco
1043 2477 1183 2568 juvenili
1192 2477 1313 2545 moliar

238 2592 379 2664 levitate.
402 2599 506 2665 Amor
523 2597 703 2666 litterarum
722 2598 847 2689 abipso
862 2597 931 2664 lere
951 2597 1045 2664 initio
1063 2595 1210 2687 pueritie
1228 2595 1311 2662 milri

236 2923 293 2967 tres
310 2930 444 2988 otranges
460 2914 495 2969 de
513 2914 590 2988 Loup
605 2928 667 2971 sont
679 2933 719 2969 uu
734 2915 817 2970 traitc
827 2912 863 2968 de
879 2911 983 2967 Tribus
992 2909 1206 2985 quaestionibus,
1222 2908 1311 2963 libem

236 3011 360 3077 arbitrio,
371 3009 632 3081 praedestinatione,
648 3023 675 3066 et
685 3015 778 3083 precio
791 3013 887 3065 mortis
895 3009 953 3065 les.
968 3008 1051 3075 cam
1066 3025 1122 3063 uue
1134 3007 1177 3062 vie
1187 3004 1223 3061 de
1235 3006 1308 3061 nint

237 3109 386 3175 Maximiu,
407 3109 511 3183 aveque
528 3108 563 3164 de
582 3110 700 3176 Trhves3
726 3127 781 3163 une
803 3107 846 3163 vie
864 3107 900 3162 tle
918 3107 997 3161 saint
1015 3103 1162 3179 Wigbeat,
1180 3102 1254 3159 abbe
1273 3102 1311 3159 tle

236 3205 368 3269 fritzlan
380 3206 452 3262 deux
469 3207 587 3280 hymnos
600 3217 628 3262 et
639 3207 713 3262 deux
723 3205 859 3262 homelies
869 3224 904 3260 en
917 3204 1066 3260 l'honneur
1074 3201 1110 3258 de
1121 3219 1153 3259 ee
1162 3202 1245 3258 aiut.
1255 3200 1310 3257 αι

236 3301 328 3358 divers
340 3321 474 3376 ouvrages
490 3314 540 3358 out
559 3307 604 3359 etc
620 3305 715 3359 re'unis
727 3322 778 3377 par
795 3304 893 3359 Beluae
906 3302 976 3358 dans
994 3300 1021 3358 le
1037 3299 1148 3356 volume
1165 3316 1222 3375 que
1237 3316 1310 3355 nour

235 3416 320 3453 avons
334 3398 397 3471 <teja
417 3400 480 3455 cite.
504 3399 545 3454 Da
562 3410 659 3455 retour
675 3418 711 3454 eu
729 3400 843 3468 Franco,
864 3419 899 3455 en
917 3395 980 3465 836,
999 3398 1077 3468 loup
1095 3395 1154 3470 pn't
1173 3404 1238 3469 part
1255 3414 1309 3451 aux

235 3494 343 3551 affaires
355 3495 511 3570 publiqucs,
524 3497 670 3566 cmhraasa,
685 3501 764 3572 apres
775 3498 800 3553 la
812 3509 885 3554 mort
897 3497 932 3552 de
942 3493 1271 3558 touta-tenebamus,
1283 3492 1309 3549 le

235 3595 309 3668 parti
318 3593 352 3648 de
363 3591 657 3664 charles-lechauve,
668 3595 762 3652 dcvint
770 3597 841 3652 abba
849 3596 885 3650 da
893 3595 1033 3651 Ferrieres
1041 3595 1057 3647 lt
1065 3591 1091 3646 la
1099 3590 1177 3667 place
1186 3590 1307 3655 d’Adou,

235 3708 271 3745 en
282 3689 344 3759 aaa,
360 3691 465 3756 anina,
480 3708 515 3744 cu
528 3688 589 3758 844,
601 3709 636 3745 au
648 3693 754 3748 concile
766 3692 801 3748 de
812 3687 1104 3754 t'emeutt-sur-oise,
1119 3687 1163 3742 lut
1176 3684 1308 3760 de'pute't

236 3784 325 3840 Rome
341 3803 376 3840 en
388 3785 450 3861 ⁸⁴9·
468 3787 524 3859 prit
536 3796 599 3860 part
611 3805 647 3841 aa
658 3787 759 3842 second
772 3788 877 3843 concile
888 3785 923 3841 de
938 3786 1077 3851 Soissous,
1093 3783 1131 3837 ou
1148 3781 1194 3837 lut
1204 3779 1309 3855 ‹lepose'

235 3880 342 3948 Ebbon,
357 3882 528 3957 archcveque
541 3880 576 3937 de
588 3881 696 3950 lteims,
711 3900 747 3937 cn
757 3880 819 3951 853,
834 3893 863 3938 et
874 3891 990 3937 mourut
999 3897 1060 3936 vcra
1071 3877 1139 3944 8623
1153 3875 1194 3931 du
1204 3876 1305 3939 moins,

234 3980 348 4050 'apartir
357 3979 393 4033 ‹lc
406 3989 477 4034 cette
485 3981 610 4052 epoquc,
624 3977 643 4034 il
654 3979 716 4035 u’en
725 3989 767 4034 est
777 3977 839 4053 plus
848 3979 977 4052 question
990 3975 1059 4032 dans
1069 3974 1214 4030 l’histoire.
1230 3971 1302 4044 Voy.

234 4072 274 4128 les
287 4085 364 4130 notes
377 4077 411 4131 dc
427 4077 537 4144 Baluze,
551 4077 643 4134 l‘llist.
659 4078 806 4145 littcrairc,
823 4077 857 4143 θ’,
874 4075 924 4131 ιι55
934 4087 962 4131 ct
975 4076 1043 4130 snir.
1060 4084 1087 4130 ct
1101 4072 1126 4127 lc
1139 4089 1202 4125 nov.
1222 4068 1301 4123 Gau.

237 4170 338 4226 Chrhrl.
356 4173 423 4241 Xll,
444 4173 499 4249 159.

269 4272 308 4341 (r)
327 4271 421 4326 Horat.
438 4272 484 4327 tib.
499 4292 518 4331 t.
531 4284 582 4327 tat.
601 4291 639 4328 ro.
