3090 5302
233 427 294 487 stt
461 426 644 487 utsTotttt
666 426 987 499 l'llANSLlTIONlS,
1011 446 1076 491 arc.

232 572 321 646 pore
334 546 566 619 circumferre
583 547 838 646 cognoscitur:
855 572 940 619 nam
957 570 1067 621 crure
1085 572 1127 619 ae
1145 546 1227 647 pede
1241 550 1281 621 si-

234 664 350 736 nistro
363 663 412 734 sic
426 676 546 761 postea
566 663 777 735 claudicavit
791 678 832 735 ut
848 662 894 735 ad
911 660 1112 762 regendum
1126 663 1283 737 incessu

233 776 361 850 baculo
385 803 524 876 semper
546 777 749 876 indiguerit.
771 779 849 851 Hoc
870 804 936 849 cur
958 804 1036 853 non
1060 778 1109 851 sit
1132 804 1284 878 percura·

236 908 333 980 tum,
356 894 479 967 dicant
498 895 560 995 qui
584 895 723 968 velint:
741 921 807 995 ego
831 896 930 969 enim
952 895 990 968 id
1014 920 1074 969 me
1098 892 1202 967 rideo
1223 920 1284 969 non

235 1011 339 1085 aliter
351 1039 454 1112 posse
467 1014 657 1112 conjicere,
673 1014 742 1085 nisi
758 1029 799 1085 ut
812 1013 1035 1101 existimem,
1048 1013 1213 1087 interiori
1225 1016 1286 1111 ejus

236 1128 340 1201 saluti
355 1144 579 1229 competere,
597 1147 639 1202 ut
656 1131 773 1231 aliqua
796 1131 832 1205 in
846 1156 890 1205 eo
905 1130 1098 1207 exterioris
1110 1128 1287 1205 debilitatis

238 1245 381 1345 vestigia
397 1261 638 1320 remanerent.
676 1250 682 1269 '

290 2188 351 2259 63.
376 2188 531 2259 luliacus
544 2203 693 2260 vocatur
705 2189 895 2287 antiquum
911 2186 1176 2285 municipium,
1194 2186 1297 2259 arico

242 2302 401 2403 Aquensi
425 2321 511 2381 octo
535 2304 721 2404 leugarum
742 2305 857 2403 spatio
879 2301 1114 2402 disparatum.
1139 2302 1193 2377 lte
1208 2306 1298 2401 cuju

243 2420 430 2495 territorio
460 2420 577 2520 puella
604 2421 787 2521 quaedam,
814 2420 922 2493 simili
945 2416 1097 2508 morbo,
1127 2419 1298 2521 similique

243 2538 353 2612 modo
371 2540 493 2614 allecta
503 2594 516 2628 ,
535 2567 554 2612 a
576 2557 690 2613 matre
710 2555 818 2640 atque
837 2539 915 2612 aliis
935 2538 1153 2640 propinquis
1173 2538 1246 2610 suis
1260 2534 1299 2607 ad

243 2673 484 2731 memoratum
504 2658 706 2732 oratorium
731 2656 905 2745 adducta,
931 2682 1015 2729 cum
1036 2682 1117 2755 prae
1138 2654 1300 2727 multitu·

242 2773 327 2848 diue
347 2774 557 2867 hominum,
578 2776 640 2875 qui
658 2790 735 2847 tum
756 2774 854 2848 sorte
868 2788 1019 2873 propter
1033 2773 1227 2845 missarum
1244 2794 1301 2841 au·

243 2890 372 2965 dienda
385 2893 557 2967 solemnia
571 2892 656 2965 illuc
669 2904 927 2979 convenerant,
943 2888 1133 2965 introferri
1144 2912 1221 2963 non
1232 2910 1303 2987 pos·

244 3025 318 3093 set,
334 3011 554 3082 extrinsecus
567 3035 642 3081 eam
656 3008 700 3080 ad
719 3005 932 3082 orientalem
945 3006 1097 3080 oratorii
1115 3002 1302 3080 fenum

246 3124 485 3215 collocarunt,
494 3122 1050 3226 expectantesopportunitatem,
1057 3135 1116 3215 ut,
1124 3118 1302 3197 medonte

244 3241 370 3341 populi
391 3241 610 3343 frequentia,
625 3241 764 3315 facilius
784 3240 946 3315 oratorio
968 3238 1095 3311 inferri
1119 3238 1301 3339 potuisset·

247 3358 315 3431 Sed
333 3357 394 3431 ubi
416 3358 459 3431 ad
472 3358 630 3433 medium
650 3359 724 3433 fere
738 3359 893 3433 officium
910 3371 1061 3430 rentum
1080 3370 1158 3446 est,
1178 3370 1229 3445 et,
1247 3380 1303 3429 ex·

245 3477 345 3575 plcto
364 3476 573 3576 Evangelio,
594 3475 719 3551 hostiae
737 3476 899 3549 salutaris
917 3470 1055 3548 oblatio
1073 3488 1221 3571 peracta
1233 3484 1304 3561 ut,

246 3609 404 3667 cernunt
420 3620 497 3667 eam
514 3595 685 3693 angustiis
702 3593 805 3680 affici,
817 3608 866 3680 et,
879 3604 1093 3689 erumpente
1110 3615 1179 3689 per
1194 3602 1305 3663 toturn

246 3738 378 3811 corpus
395 3711 547 3799 sudore,
565 3711 661 3784 velut
685 3713 721 3783 in
740 3734 910 3783 somnum
925 3704 1012 3781 labi.
1038 3702 1184 3799 Quibus
1205 3702 1305 3805 siguis

246 3829 405 3901 divinam
428 3829 545 3901 adesse
568 3828 739 3901 virtutem
763 3823 858 3899 haud
882 3823 1037 3897 inaniter
1059 3822 1303 3921 conjicientes,

246 3947 290 4020 de
311 3947 374 4022 illo
388 3949 470 4021 loco
487 3947 657 4038 levatam,
670 3943 809 4046 quadro
823 3942 954 4042 lapidi,
969 3939 1033 4041 qui
1052 3954 1208 4041 propter
1217 3942 1306 4039 juoe·

247 4062 330 4152 bat,
350 4082 525 4165 soporatae
540 4065 694 4139 similem
706 4074 973 4162 superponunt.
988 4056 1044 4131 lbi
1057 4084 1184 4133 coram
1193 4053 1304 4133 omni·

247 4176 333 4268 bus,
351 4184 412 4283 qui
429 4183 533 4281 hujus
547 4181 709 4256 miraculi
727 4176 971 4280 conspiciendi
987 4178 1103 4277 gratia
1119 4198 1303 4253 concum-
