3090 5302
391 383 629 446 utucuttmt
652 384 710 444 ET>
722 383 847 445 PETRI.
1087 386 1146 447 399

98 509 198 575 -Ad
215 509 282 587 haec
299 507 411 575 Petrus
427 510 517 576 vultu
534 508 604 578 laeto
618 532 719 600 pauca
734 509 831 575 verba
847 507 1008 575 reserens:

100 626 313 706 «Christum,
330 626 452 716 iuquit,
470 626 673 707 confitemur,
691 627 770 692 etin
788 626 893 716 ipsum
910 624 1086 703 credimus,

98 741 166 831 Qui
182 755 228 806 est
243 738 328 805 solus
343 739 524 806 seculorum
541 743 588 828 (1)
604 739 749 807 Salvator
761 755 793 807 et
806 741 976 807 Dominus.

96 858 165 948 lpse
182 855 281 937 valet,
298 855 456 947 quidquid
468 856 528 923 sibi
541 857 713 948 placuerit,
730 856 852 937 lacere,

96 976 179 1038 Tam
198 973 277 1039 coelo
294 985 440 1063 terraque
455 989 584 1065 potens,
601 973 743 1065 quam'et
759 977 851 1067 ponti
868 975 1034 1057 fluctibus,

96 1090 158 1156 Cui
175 1091 270 1155 servit
287 1102 389 1155 totum
404 1091 469 1156 suis
486 1089 603 1157 coelum
617 1114 692 1157 cum
710 1091 880 1158 sideribus.

97 1204 154 1269 Ille
170 1218 290 1294 potest,
309 1203 580 1295 quandocumque
597 1203 657 1271 sibi
673 1205 793 1296 placet,
810 1206 932 1274 solvere

96 1322 203 1385 Duros
222 1344 321 1386 nexus
338 1334 541 1401 catenarum,
558 1321 676 1410 quibus
690 1323 816 1389 vinctus
831 1339 954 1404 teneor,

96 1439 136 1503 Et
154 1436 193 1502 de
210 1439 334 1503 cunctis
347 1450 581 1503 tormentorum
598 1438 699 1527 poenis
717 1451 822 1504 tutum
838 1436 982 1505 reddere.

97 1551 160 1618 Sed
179 1575 285 1617 meum
302 1549 397 1616 credo
415 1549 504 1640 quod
519 1551 601 1618 nolit
616 1551 770 1642 impedire
786 1552 951 1632 bravium,

98 1667 189 1757 Quin
202 1666 338 1757 peccatis
354 1664 566 1756 depurgatum
583 1669 749 1758 pervenire
763 1666 879 1746 saciat,
917 1714 922 1725 .

97 1785 158 1848 Per
174 1797 331 1849 tormenta
347 1782 517 1872 passionis,
535 1781 577 1848 ad
592 1805 764 1873 perennem
776 1780 925 1872 gloriam.

98 1897 221 1962 Vellem
237 1911 360 1976 umen,
378 1896 575 1978 oArthemi,
593 1894 713 1963 laceres
730 1897 927 1987 perieulum,

98 2016 217 2079 Verum
236 2013 312 2092 siet,
331 2035 414 2077 anne
424 2009 554 2093 salsum,
570 2012 659 2102 quod
673 2012 713 2079 de
726 2013 853 2080 Christo
869 2012 1046 2094 credimus,

99 2128 262 2219 Quodque
274 2126 366 2193 illum
383 2142 447 2193 tam
463 2141 624 2218 potentem
640 2151 750 2194 omnes
763 2151 830 2195 esse
845 2127 993 2195 dicimur.
1015 2155 1031 2191 »

144 2251 175 2308 3.
188 2281 231 2291 -
242 2241 293 2307 Ad
309 2243 376 2308 haec
394 2242 478 2307 antri
494 2241 663 2308 carceralis
677 2257 801 2323 custos,
820 2240 965 2308 nondum
980 2241 1127 2309 credulus
1136 2270 1147 2309 :-

101 2357 220 2435 «Fiat,
242 2356 302 2435 ait,
321 2354 409 2444 quod
423 2354 581 2436 hortaris,
598 2355 758 2446 hodieque
773 2355 910 2436 clareat,

99 2471 210 2536 Valeat
225 2470 304 2560 quid
319 2469 465 2536 Christus
483 2485 573 2550 tuus,
589 2493 685 2559 quem
697 2494 748 2536 me
765 2494 858 2558 rogas
875 2470 1016 2536 credere.

98 2589 146 2652 En
166 2611 226 2675 ego
243 2611 329 2652 nunc
347 2586 407 2651 tuis
421 2583 537 2650 vinclis
551 2585 762 2676 superaddam
775 2586 923 2665 vincula,

99 2705 209 2792 Teque
227 2704 331 2793 ipsum
347 2700 514 2767 tenebroso
532 2700 675 2768 clausurn
691 2699 836 2792 linquam
851 2704 899 2789 (n)
916 2725 1059 2783 carcere,
1092 2769 1098 2779 ,

99 2818 203 2907 Atque
217 2818 302 2882 antri
318 2830 422 2906 postes
439 2817 516 2881 seris
532 2818 686 2905 stringam
703 2815 911 2883 firmioribus.

100 2934 134 2999 si
150 2949 179 2999 te
195 2934 290 2999 tantis
305 2930 495 2998 innodatum
511 2930 656 2998 liberarit
673 2932 806 2998 nexibus

58 3111 60 3114 ,
100 3046 245 3111 Christus
261 3061 375 3127 vester,
394 3069 432 3112 ac
443 3045 584 3112 solutum
600 3048 748 3138 sospitem
766 3046 958 3128 reddiderit,

100 3160 237 3226 Credam
256 3160 366 3242 illum,
383 3177 477 3252 atque
496 3163 600 3228 Deum
617 3160 721 3229 colam
740 3164 808 3229 sine
823 3161 940 3247 dubio,

100 3279 145 3341 Ea
162 3289 266 3339 tamen
282 3276 423 3358 ratione,
441 3279 468 3344 si
484 3277 680 3369 redemptam
696 3277 826 3360 videro,

99 3392 172 3482 Ipso
189 3389 316 3456 Christo
330 3389 485 3474 faciente,
506 3416 609 3460 meam
628 3417 735 3461 caram
751 3394 869 3477 filiam,

101 3508 151 3573 Ab
170 3507 257 3572 illius
275 3505 459 3590 dominatu,
475 3533 540 3599 quo
557 3524 700 3592 vexatur,
715 3510 883 3610 demonis.
906 3541 920 3575 n

101 3623 248 3686 -Tunc
263 3621 431 3688 subridens
445 3620 537 3690 fortis
553 3624 606 3691 ille
621 3626 733 3692 Petrus
744 3626 864 3693 Christi
881 3624 1038 3693 famulus:

105 3763 120 3797 a
135 3735 229 3802 Fides
243 3737 308 3822 (3),
326 3737 385 3817 ait,
409 3737 570 3805 imbecilla
586 3739 772 3807 confirmari
787 3742 921 3835 poterit,

136 3951 175 4018 (r)
193 3949 261 4004 Cod.
277 3951 457 4017 sacculorum,
471 3955 582 4009 saecula
594 3965 759 4010 constanter.

138 4047 176 4114 (a)
193 4044 261 4100 Cod.
277 4047 379 4118 linquo.

140 4137 177 4207 (3)
197 4140 265 4194 Cod.
273 4141 367 4212 sedes.
