<?xml version="1.0" encoding="UTF-8"?>
<!DOCTYPE html PUBLIC "-//W3C//DTD XHTML 1.0 Transitional//EN"
    "http://www.w3.org/TR/xhtml1/DTD/xhtml1-transitional.dtd">
<html xmlns="http://www.w3.org/1999/xhtml" xml:lang="en" lang="en">
 <head>
  <title>
</title>
<meta http-equiv="Content-Type" content="text/html;charset=utf-8" />
  <meta name='ocr-system' content='tesseract 3.04.00' />
  <meta name='ocr-capabilities' content='ocr_page ocr_carea ocr_par ocr_line ocrx_word'/>
</head>
<body>
  <div class='ocr_page' id='page_1' title='image "./einhardiomniaqu00einhgoog_0285.png"; bbox 0 0 3090 5302; ppageno 0'>
   <div class='ocr_carea' id='block_1_1' title="bbox 234 403 1070 477">
    <p class='ocr_par' dir='ltr' id='par_1_1' title="bbox 234 403 1070 477">
     <span class='ocr_line' id='line_1_1' title="bbox 234 403 1070 477; baseline -0.007 -8"><span class='ocrx_word' id='word_1_1' title='bbox 234 410 294 469; x_wconf 73' lang='lat'>268</span> <span class='ocrx_word' id='word_1_2' title='bbox 459 404 641 466; x_wconf 76' lang='lat' dir='ltr'>utstottta</span> <span class='ocrx_word' id='word_1_3' title='bbox 663 403 984 477; x_wconf 53' lang='lat' dir='ltr'>transmutent&amp;</span> <span class='ocrx_word' id='word_1_4' title='bbox 1007 426 1070 466; x_wconf 82' lang='lat' dir='ltr'>rrc.</span> 
     </span>
    </p>
   </div>
   <div class='ocr_carea' id='block_1_2' title="bbox 233 521 1299 1909">
    <p class='ocr_par' dir='ltr' id='par_1_2' title="bbox 233 521 1299 1909">
     <span class='ocr_line' id='line_1_2' title="bbox 235 521 1287 624; baseline 0.001 -26"><span class='ocrx_word' id='word_1_5' title='bbox 235 528 280 600; x_wconf 84' lang='lat' dir='ltr'>‹le</span> <span class='ocrx_word' id='word_1_6' title='bbox 296 526 403 624; x_wconf 77' lang='lat' dir='ltr'>longe</span> <span class='ocrx_word' id='word_1_7' title='bbox 417 539 611 610; x_wconf 88' lang='lat' dir='ltr'>venerant,</span> <span class='ocrx_word' id='word_1_8' title='bbox 627 538 662 597; x_wconf 91' lang='lat' dir='ltr'>et</span> <span class='ocrx_word' id='word_1_9' title='bbox 682 521 726 594; x_wconf 93' lang='lat' dir='ltr'>ad</span> <span class='ocrx_word' id='word_1_10' title='bbox 746 548 807 594; x_wconf 88' lang='lat' dir='ltr'>sua</span> <span class='ocrx_word' id='word_1_11' title='bbox 824 521 942 596; x_wconf 88' lang='lat' dir='ltr'>redire</span> <span class='ocrx_word' id='word_1_12' title='bbox 957 521 1198 611; x_wconf 84' lang='lat' dir='ltr'>festinabunt,</span> <span class='ocrx_word' id='word_1_13' title='bbox 1215 522 1287 599; x_wconf 59' lang='lat' dir='ltr'>boe</span> 
     </span>
     <span class='ocr_line' id='line_1_3' title="bbox 236 638 1288 740; baseline 0.001 -26"><span class='ocrx_word' id='word_1_14' title='bbox 236 645 296 714; x_wconf 75' lang='lat' dir='ltr'>tiae</span> <span class='ocrx_word' id='word_1_15' title='bbox 310 641 471 713; x_wconf 83' lang='lat' dir='ltr'>salutaris</span> <span class='ocrx_word' id='word_1_16' title='bbox 479 655 695 714; x_wconf 81' lang='lat' dir='ltr'>sacramenta</span> <span class='ocrx_word' id='word_1_17' title='bbox 707 638 897 740; x_wconf 78' lang='lat' dir='ltr'>presbyter</span> <span class='ocrx_word' id='word_1_18' title='bbox 909 667 953 713; x_wconf 86' lang='lat' dir='ltr'>ex</span> <span class='ocrx_word' id='word_1_19' title='bbox 963 666 1066 715; x_wconf 88' lang='lat' dir='ltr'>more</span> <span class='ocrx_word' id='word_1_20' title='bbox 1078 639 1288 735; x_wconf 77' lang='lat' dir='ltr'>celebraret,</span> 
     </span>
     <span class='ocr_line' id='line_1_4' title="bbox 234 754 1289 856; baseline 0.003 -28"><span class='ocrx_word' id='word_1_21' title='bbox 234 783 353 831; x_wconf 87' lang='lat' dir='ltr'>coram</span> <span class='ocrx_word' id='word_1_22' title='bbox 372 754 541 829; x_wconf 76' lang='lat' dir='ltr'>omnibus</span> <span class='ocrx_word' id='word_1_23' title='bbox 557 757 619 856; x_wconf 91' lang='lat' dir='ltr'>qui</span> <span class='ocrx_word' id='word_1_24' title='bbox 638 755 805 844; x_wconf 84' lang='lat' dir='ltr'>aderaut,</span> <span class='ocrx_word' id='word_1_25' title='bbox 827 756 864 828; x_wconf 86' lang='lat' dir='ltr'>in</span> <span class='ocrx_word' id='word_1_26' title='bbox 885 755 1136 856; x_wconf 84' lang='lat' dir='ltr'>pavimentum</span> <span class='ocrx_word' id='word_1_27' title='bbox 1147 756 1289 845; x_wconf 85' lang='lat' dir='ltr'>cecidit,</span> 
     </span>
     <span class='ocr_line' id='line_1_5' title="bbox 233 873 1290 975; baseline 0.003 -29"><span class='ocrx_word' id='word_1_28' title='bbox 233 873 354 975; x_wconf 84' lang='lat' dir='ltr'>ibique</span> <span class='ocrx_word' id='word_1_29' title='bbox 382 900 493 975; x_wconf 86' lang='lat' dir='ltr'>parvo</span> <span class='ocrx_word' id='word_1_30' title='bbox 516 874 689 974; x_wconf 89' lang='lat' dir='ltr'>temporis</span> <span class='ocrx_word' id='word_1_31' title='bbox 705 874 820 973; x_wconf 79' lang='lat' dir='ltr'>spatio</span> <span class='ocrx_word' id='word_1_32' title='bbox 833 873 932 947; x_wconf 88' lang='lat' dir='ltr'>velut</span> <span class='ocrx_word' id='word_1_33' title='bbox 954 890 1144 973; x_wconf 77' lang='lat' dir='ltr'>soporatus</span> <span class='ocrx_word' id='word_1_34' title='bbox 1164 877 1290 973; x_wconf 85' lang='lat' dir='ltr'>jacuit;</span> 
     </span>
     <span class='ocr_line' id='line_1_6' title="bbox 233 989 1294 1093; baseline 0.002 -29"><span class='ocrx_word' id='word_1_35' title='bbox 233 991 338 1080; x_wconf 90' lang='lat' dir='ltr'>dein,</span> <span class='ocrx_word' id='word_1_36' title='bbox 358 993 457 1093; x_wconf 90' lang='lat' dir='ltr'>quasi</span> <span class='ocrx_word' id='word_1_37' title='bbox 474 989 519 1064; x_wconf 88' lang='lat' dir='ltr'>de</span> <span class='ocrx_word' id='word_1_38' title='bbox 537 1017 667 1065; x_wconf 90' lang='lat' dir='ltr'>somno</span> <span class='ocrx_word' id='word_1_39' title='bbox 680 990 965 1091; x_wconf 77' lang='lat' dir='ltr'>expergefactus,</span> <span class='ocrx_word' id='word_1_40' title='bbox 983 992 1129 1066; x_wconf 86' lang='lat' dir='ltr'>nemine</span> <span class='ocrx_word' id='word_1_41' title='bbox 1153 1019 1193 1065; x_wconf 86' lang='lat' dir='ltr'>ae</span> <span class='ocrx_word' id='word_1_42' title='bbox 1213 990 1294 1065; x_wconf 80' lang='lat' dir='ltr'>aub-</span> 
     </span>
     <span class='ocr_line' id='line_1_7' title="bbox 236 1108 1294 1209; baseline 0.002 -28"><span class='ocrx_word' id='word_1_43' title='bbox 236 1109 394 1196; x_wconf 78' lang='lat' dir='ltr'><strong>levante,</strong></span> <span class='ocrx_word' id='word_1_44' title='bbox 415 1108 582 1182; x_wconf 80' lang='lat' dir='ltr'>sunexit.</span> <span class='ocrx_word' id='word_1_45' title='bbox 602 1108 765 1209; x_wconf 84' lang='lat' dir='ltr'>Cumque</span> <span class='ocrx_word' id='word_1_46' title='bbox 795 1134 889 1181; x_wconf 83' lang='lat' dir='ltr'>unus</span> <span class='ocrx_word' id='word_1_47' title='bbox 913 1134 956 1181; x_wconf 82' lang='lat' dir='ltr'>ex</span> <span class='ocrx_word' id='word_1_48' title='bbox 984 1109 1294 1183; x_wconf 74' lang='lat' dir='ltr'>circumstantibus</span> 
     </span>
     <span class='ocr_line' id='line_1_8' title="bbox 233 1222 1295 1327; baseline 0.004 -30"><span class='ocrx_word' id='word_1_49' title='bbox 233 1225 403 1313; x_wconf 76' lang='lat' dir='ltr'>baculos,</span> <span class='ocrx_word' id='word_1_50' title='bbox 422 1224 555 1327; x_wconf 81' lang='lat' dir='ltr'>quibus</span> <span class='ocrx_word' id='word_1_51' title='bbox 568 1240 651 1297; x_wconf 90' lang='lat' dir='ltr'>ante</span> <span class='ocrx_word' id='word_1_52' title='bbox 670 1226 722 1296; x_wconf 83' lang='lat' dir='ltr'>uti</span> <span class='ocrx_word' id='word_1_53' title='bbox 741 1222 896 1311; x_wconf 79' lang='lat' dir='ltr'><strong>solebat,</strong></span> <span class='ocrx_word' id='word_1_54' title='bbox 914 1240 951 1298; x_wconf 84' lang='lat' dir='ltr'>et</span> <span class='ocrx_word' id='word_1_55' title='bbox 961 1278 973 1314; x_wconf 89' lang='lat'><strong><em>,</em></strong></span> <span class='ocrx_word' id='word_1_56' title='bbox 989 1250 1073 1297; x_wconf 89' lang='lat' dir='ltr'>cum</span> <span class='ocrx_word' id='word_1_57' title='bbox 1086 1224 1245 1317; x_wconf 81' lang='lat' dir='ltr'>caderet,</span> <span class='ocrx_word' id='word_1_58' title='bbox 1255 1228 1295 1301; x_wconf 87' lang='lat' dir='ltr'>de</span> 
     </span>
     <span class='ocr_line' id='line_1_9' title="bbox 235 1340 1297 1447; baseline 0.004 -32"><span class='ocrx_word' id='word_1_59' title='bbox 235 1340 400 1415; x_wconf 87' lang='lat' dir='ltr'>manibus</span> <span class='ocrx_word' id='word_1_60' title='bbox 418 1347 493 1441; x_wconf 85' lang='lat' dir='ltr'>ejus</span> <span class='ocrx_word' id='word_1_61' title='bbox 517 1341 624 1441; x_wconf 72' lang='lat' dir='ltr'>elapsi</span> <span class='ocrx_word' id='word_1_62' title='bbox 644 1342 772 1440; x_wconf 85' lang='lat' dir='ltr'>procul</span> <span class='ocrx_word' id='word_1_63' title='bbox 788 1340 976 1441; x_wconf 85' lang='lat' dir='ltr'>jacebant,</span> <span class='ocrx_word' id='word_1_64' title='bbox 994 1360 1178 1433; x_wconf 76' lang='lat' dir='ltr'>tumeret,</span> <span class='ocrx_word' id='word_1_65' title='bbox 1199 1346 1297 1447; x_wconf 83' lang='lat' dir='ltr'>eique</span> 
     </span>
     <span class='ocr_line' id='line_1_10' title="bbox 236 1456 1297 1560; baseline 0.003 -28"><span class='ocrx_word' id='word_1_66' title='bbox 236 1460 451 1560; x_wconf 79' lang='lat' dir='ltr'>porrigeret,</span> <span class='ocrx_word' id='word_1_67' title='bbox 464 1461 600 1549; x_wconf 89' lang='lat' dir='ltr'>renuit,</span> <span class='ocrx_word' id='word_1_68' title='bbox 611 1458 733 1531; x_wconf 91' lang='lat' dir='ltr'>diceus</span> <span class='ocrx_word' id='word_1_69' title='bbox 746 1491 754 1531; x_wconf 91' lang='lat'><strong>:</strong></span> <span class='ocrx_word' id='word_1_70' title='bbox 773 1491 792 1528; x_wconf 82' lang='lat' dir='ltr'>u</span> <span class='ocrx_word' id='word_1_71' title='bbox 805 1456 908 1532; x_wconf 78' lang='lat' dir='ltr'>Absit</span> <span class='ocrx_word' id='word_1_72' title='bbox 920 1486 939 1531; x_wconf 95' lang='lat' dir='ltr'>a</span> <span class='ocrx_word' id='word_1_73' title='bbox 951 1484 1022 1547; x_wconf 85' lang='lat' dir='ltr'>me,</span> <span class='ocrx_word' id='word_1_74' title='bbox 1033 1474 1144 1535; x_wconf 89' lang='lat' dir='ltr'>uteos</span> <span class='ocrx_word' id='word_1_75' title='bbox 1152 1461 1297 1537; x_wconf 71' lang='lat' dir='ltr'>ulterius</span> 
     </span>
     <span class='ocr_line' id='line_1_11' title="bbox 237 1575 1298 1679; baseline 0.004 -30"><span class='ocrx_word' id='word_1_76' title='bbox 237 1577 455 1677; x_wconf 80' lang='lat' dir='ltr'>attingam.»</span> <span class='ocrx_word' id='word_1_77' title='bbox 472 1576 540 1649; x_wconf 89' lang='lat' dir='ltr'>Sed</span> <span class='ocrx_word' id='word_1_78' title='bbox 556 1591 592 1649; x_wconf 87' lang='lat' dir='ltr'>et</span> <span class='ocrx_word' id='word_1_79' title='bbox 607 1577 672 1651; x_wconf 88' lang='lat' dir='ltr'>iste</span> <span class='ocrx_word' id='word_1_80' title='bbox 684 1576 728 1649; x_wconf 87' lang='lat' dir='ltr'>ad</span> <span class='ocrx_word' id='word_1_81' title='bbox 740 1576 836 1649; x_wconf 88' lang='lat' dir='ltr'>hunc</span> <span class='ocrx_word' id='word_1_82' title='bbox 852 1575 1002 1651; x_wconf 87' lang='lat' dir='ltr'>modum</span> <span class='ocrx_word' id='word_1_83' title='bbox 1012 1594 1176 1669; x_wconf 82' lang='lat' dir='ltr'>curatus,</span> <span class='ocrx_word' id='word_1_84' title='bbox 1192 1580 1229 1653; x_wconf 90' lang='lat' dir='ltr'>in</span> <span class='ocrx_word' id='word_1_85' title='bbox 1239 1606 1298 1679; x_wconf 85' lang='lat' dir='ltr'>pa·</span> 
     </span>
     <span class='ocr_line' id='line_1_12' title="bbox 239 1693 1299 1797; baseline 0.007 -33"><span class='ocrx_word' id='word_1_86' title='bbox 239 1694 346 1766; x_wconf 87' lang='lat' dir='ltr'>triam</span> <span class='ocrx_word' id='word_1_87' title='bbox 356 1694 557 1792; x_wconf 85' lang='lat' dir='ltr'>repedavit,</span> <span class='ocrx_word' id='word_1_88' title='bbox 572 1693 616 1766; x_wconf 90' lang='lat' dir='ltr'>de</span> <span class='ocrx_word' id='word_1_89' title='bbox 632 1720 722 1794; x_wconf 88' lang='lat' dir='ltr'>qua,</span> <span class='ocrx_word' id='word_1_90' title='bbox 741 1693 917 1793; x_wconf 87' lang='lat' dir='ltr'>reptando</span> <span class='ocrx_word' id='word_1_91' title='bbox 937 1696 1059 1794; x_wconf 81' lang='lat' dir='ltr'>potina</span> <span class='ocrx_word' id='word_1_92' title='bbox 1074 1722 1187 1797; x_wconf 89' lang='lat' dir='ltr'>quam</span> <span class='ocrx_word' id='word_1_93' title='bbox 1203 1698 1299 1771; x_wconf 86' lang='lat' dir='ltr'>inee-</span> 
     </span>
     <span class='ocr_line' id='line_1_13' title="bbox 239 1809 1033 1909; baseline 0.001 -26"><span class='ocrx_word' id='word_1_94' title='bbox 239 1809 375 1896; x_wconf 85' lang='lat' dir='ltr'>dendo‚</span> <span class='ocrx_word' id='word_1_95' title='bbox 395 1809 439 1883; x_wconf 91' lang='lat' dir='ltr'>ad</span> <span class='ocrx_word' id='word_1_96' title='bbox 450 1811 650 1907; x_wconf 79' lang='lat' dir='ltr'>Martyrum</span> <span class='ocrx_word' id='word_1_97' title='bbox 668 1810 791 1883; x_wconf 87' lang='lat' dir='ltr'>limina</span> <span class='ocrx_word' id='word_1_98' title='bbox 808 1823 1033 1909; x_wconf 68' lang='lat' dir='ltr'>peruenerat.</span> 
     </span>
    </p>
   </div>
   <div class='ocr_carea' id='block_1_3' title="bbox 241 2164 1307 4258">
    <p class='ocr_par' dir='ltr' id='par_1_3' title="bbox 241 2164 1307 4258">
     <span class='ocr_line' id='line_1_14' title="bbox 292 2164 1298 2268; baseline 0.009 -31"><span class='ocrx_word' id='word_1_99' title='bbox 292 2167 354 2237; x_wconf 73' lang='lat' dir='ltr'>lrlr.</span> <span class='ocrx_word' id='word_1_100' title='bbox 382 2164 456 2239; x_wconf 85' lang='lat' dir='ltr'>Nec</span> <span class='ocrx_word' id='word_1_101' title='bbox 473 2166 590 2239; x_wconf 89' lang='lat' dir='ltr'>multo</span> <span class='ocrx_word' id='word_1_102' title='bbox 607 2180 708 2264; x_wconf 88' lang='lat' dir='ltr'>post,</span> <span class='ocrx_word' id='word_1_103' title='bbox 727 2192 808 2239; x_wconf 87' lang='lat' dir='ltr'>cum</span> <span class='ocrx_word' id='word_1_104' title='bbox 829 2193 897 2268; x_wconf 78' lang='lat' dir='ltr'>ego</span> <span class='ocrx_word' id='word_1_105' title='bbox 920 2192 1044 2243; x_wconf 85' lang='lat' dir='ltr'>meme</span> <span class='ocrx_word' id='word_1_106' title='bbox 1065 2166 1298 2255; x_wconf 77' lang='lat' dir='ltr'>novembrio,</span> 
     </span>
     <span class='ocr_line' id='line_1_15' title="bbox 243 2280 1300 2384; baseline 0.004 -29"><span class='ocrx_word' id='word_1_107' title='bbox 243 2280 438 2355; x_wconf 85' lang='lat' dir='ltr'>secundum</span> <span class='ocrx_word' id='word_1_108' title='bbox 464 2281 761 2357; x_wconf 87' lang='lat' dir='ltr'>consuetudinem</span> <span class='ocrx_word' id='word_1_109' title='bbox 785 2285 821 2356; x_wconf 90' lang='lat' dir='ltr'>in</span> <span class='ocrx_word' id='word_1_110' title='bbox 847 2283 981 2384; x_wconf 90' lang='lat' dir='ltr'>palatio</span> <span class='ocrx_word' id='word_1_111' title='bbox 1005 2283 1300 2378; x_wconf 53' lang='lat' dir='ltr'>hiematumnad</span> 
     </span>
     <span class='ocr_line' id='line_1_16' title="bbox 243 2401 1299 2504; baseline 0.004 -30"><span class='ocrx_word' id='word_1_112' title='bbox 243 2401 454 2474; x_wconf 81' lang='lat' dir='ltr'>comitatum</span> <span class='ocrx_word' id='word_1_113' title='bbox 481 2402 533 2475; x_wconf 89' lang='lat' dir='ltr'>ire</span> <span class='ocrx_word' id='word_1_114' title='bbox 555 2401 802 2500; x_wconf 67' lang='lat' dir='ltr'>disponerem</span> <span class='ocrx_word' id='word_1_115' title='bbox 832 2406 978 2503; x_wconf 88' lang='lat' dir='ltr'>jamque</span> <span class='ocrx_word' id='word_1_116' title='bbox 1005 2404 1075 2478; x_wconf 87' lang='lat' dir='ltr'>iter</span> <span class='ocrx_word' id='word_1_117' title='bbox 1104 2404 1299 2504; x_wconf 75' lang='lat' dir='ltr'>ingr-ecam,</span> 
     </span>
     <span class='ocr_line' id='line_1_17' title="bbox 245 2517 1301 2620; baseline 0.006 -33"><span class='ocrx_word' id='word_1_118' title='bbox 245 2518 451 2593; x_wconf 79' lang='lat' dir='ltr'>transmisso</span> <span class='ocrx_word' id='word_1_119' title='bbox 470 2517 622 2593; x_wconf 85' lang='lat' dir='ltr'>flumine</span> <span class='ocrx_word' id='word_1_120' title='bbox 631 2520 771 2611; x_wconf 69' lang='lat' dir='ltr'>urano,</span> <span class='ocrx_word' id='word_1_121' title='bbox 787 2519 825 2592; x_wconf 89' lang='lat' dir='ltr'>in</span> <span class='ocrx_word' id='word_1_122' title='bbox 843 2518 965 2592; x_wconf 85' lang='lat' dir='ltr'>villam</span> <span class='ocrx_word' id='word_1_123' title='bbox 981 2521 1132 2620; x_wconf 76' lang='lat' dir='ltr'>regiam,</span> <span class='ocrx_word' id='word_1_124' title='bbox 1152 2521 1211 2593; x_wconf 85' lang='lat' dir='ltr'>eni</span> <span class='ocrx_word' id='word_1_125' title='bbox 1225 2522 1301 2595; x_wconf 87' lang='lat' dir='ltr'>Sin·</span> 
     </span>
     <span class='ocr_line' id='line_1_18' title="bbox 243 2634 1303 2739; baseline 0.003 -31"><span class='ocrx_word' id='word_1_126' title='bbox 243 2636 358 2708; x_wconf 88' lang='lat' dir='ltr'>ciacus</span> <span class='ocrx_word' id='word_1_127' title='bbox 370 2634 588 2710; x_wconf 81' lang='lat' dir='ltr'>vocabulum</span> <span class='ocrx_word' id='word_1_128' title='bbox 604 2654 678 2725; x_wconf 87' lang='lat' dir='ltr'>est,</span> <span class='ocrx_word' id='word_1_129' title='bbox 691 2636 735 2709; x_wconf 95' lang='lat' dir='ltr'>ad</span> <span class='ocrx_word' id='word_1_130' title='bbox 748 2636 966 2711; x_wconf 91' lang='lat' dir='ltr'>manendum</span> <span class='ocrx_word' id='word_1_131' title='bbox 978 2638 1162 2725; x_wconf 68' lang='lat' dir='ltr'>venirem</span> <span class='ocrx_word' id='word_1_132' title='bbox 1177 2652 1303 2739; x_wconf 72' lang='lat' dir='ltr'>etpost</span> 
     </span>
     <span class='ocr_line' id='line_1_19' title="bbox 244 2753 1303 2855; baseline 0.002 -30"><span class='ocrx_word' id='word_1_133' title='bbox 244 2777 401 2843; x_wconf 79' lang='lat' dir='ltr'>emnam,</span> <span class='ocrx_word' id='word_1_134' title='bbox 427 2780 509 2853; x_wconf 81' lang='lat' dir='ltr'>quae</span> <span class='ocrx_word' id='word_1_135' title='bbox 525 2753 683 2855; x_wconf 84' lang='lat' dir='ltr'>aliquam</span> <span class='ocrx_word' id='word_1_136' title='bbox 698 2755 816 2827; x_wconf 80' lang='lat' dir='ltr'>noctis</span> <span class='ocrx_word' id='word_1_137' title='bbox 833 2769 971 2854; x_wconf 86' lang='lat' dir='ltr'>partem</span> <span class='ocrx_word' id='word_1_138' title='bbox 993 2770 1247 2853; x_wconf 79' lang='lat' dir='ltr'>occupaverat,</span> <span class='ocrx_word' id='word_1_139' title='bbox 1268 2756 1303 2827; x_wconf 87' lang='lat' dir='ltr'>iu</span> 
     </span>
     <span class='ocr_line' id='line_1_20' title="bbox 245 2868 1305 2971; baseline 0.003 -31"><span class='ocrx_word' id='word_1_140' title='bbox 245 2868 400 2942; x_wconf 85' lang='lat' dir='ltr'>cubiculi</span> <span class='ocrx_word' id='word_1_141' title='bbox 417 2886 614 2959; x_wconf 85' lang='lat' dir='ltr'>secretum,</span> <span class='ocrx_word' id='word_1_142' title='bbox 636 2868 696 2942; x_wconf 90' lang='lat' dir='ltr'>ubi</span> <span class='ocrx_word' id='word_1_143' title='bbox 713 2871 902 2971; x_wconf 86' lang='lat' dir='ltr'>quieturus</span> <span class='ocrx_word' id='word_1_144' title='bbox 917 2896 1034 2958; x_wconf 81' lang='lat' dir='ltr'>emm,</span> <span class='ocrx_word' id='word_1_145' title='bbox 1050 2896 1136 2944; x_wconf 88' lang='lat' dir='ltr'>cum</span> <span class='ocrx_word' id='word_1_146' title='bbox 1155 2870 1305 2944; x_wconf 78' lang='lat' dir='ltr'>familia-</span> 
     </span>
     <span class='ocr_line' id='line_1_21' title="bbox 243 2984 1304 3090; baseline 0.008 -33"><span class='ocrx_word' id='word_1_147' title='bbox 243 2984 344 3058; x_wconf 88' lang='lat' dir='ltr'>ribus</span> <span class='ocrx_word' id='word_1_148' title='bbox 356 2987 446 3060; x_wconf 78' lang='lat' dir='ltr'>meis</span> <span class='ocrx_word' id='word_1_149' title='bbox 459 3013 517 3060; x_wconf 91' lang='lat' dir='ltr'>me</span> <span class='ocrx_word' id='word_1_150' title='bbox 529 2988 762 3086; x_wconf 69' lang='lat' dir='ltr'>recepissem</span> <span class='ocrx_word' id='word_1_151' title='bbox 777 2989 943 3062; x_wconf 79' lang='lat' dir='ltr'>minister</span> <span class='ocrx_word' id='word_1_152' title='bbox 965 2988 1028 3090; x_wconf 84' lang='lat' dir='ltr'>qui</span> <span class='ocrx_word' id='word_1_153' title='bbox 1055 3003 1187 3087; x_wconf 85' lang='lat' dir='ltr'>potum</span> <span class='ocrx_word' id='word_1_154' title='bbox 1202 2986 1304 3065; x_wconf 71' lang='lat' dir='ltr'>nobit</span> 
     </span>
     <span class='ocr_line' id='line_1_22' title="bbox 244 3102 1306 3206; baseline 0.007 -32"><span class='ocrx_word' id='word_1_155' title='bbox 244 3104 430 3203; x_wconf 79' lang='lat' dir='ltr'>porrigere</span> <span class='ocrx_word' id='word_1_156' title='bbox 440 3102 590 3192; x_wconf 80' lang='lat' dir='ltr'>solebat,</span> <span class='ocrx_word' id='word_1_157' title='bbox 601 3105 699 3204; x_wconf 85' lang='lat' dir='ltr'>quasi</span> <span class='ocrx_word' id='word_1_158' title='bbox 710 3106 796 3179; x_wconf 83' lang='lat' dir='ltr'>novi</span> <span class='ocrx_word' id='word_1_159' title='bbox 804 3104 940 3206; x_wconf 73' lang='lat' dir='ltr'>aliquid</span> <span class='ocrx_word' id='word_1_160' title='bbox 950 3105 1199 3193; x_wconf 75' lang='lat' dir='ltr'>nuntiaturus,</span> <span class='ocrx_word' id='word_1_161' title='bbox 1212 3104 1306 3181; x_wconf 72' lang='lat' dir='ltr'>festi-</span> 
     </span>
     <span class='ocr_line' id='line_1_23' title="bbox 245 3220 1304 3327; baseline 0.005 -35"><span class='ocrx_word' id='word_1_162' title='bbox 245 3237 376 3293; x_wconf 88' lang='lat' dir='ltr'>nanter</span> <span class='ocrx_word' id='word_1_163' title='bbox 386 3220 545 3293; x_wconf 86' lang='lat' dir='ltr'>intravit.</span> <span class='ocrx_word' id='word_1_164' title='bbox 556 3221 672 3314; x_wconf 88' lang='lat' dir='ltr'>Quem</span> <span class='ocrx_word' id='word_1_165' title='bbox 681 3222 907 3321; x_wconf 78' lang='lat' dir='ltr'>egointuitua</span> <span class='ocrx_word' id='word_1_166' title='bbox 919 3251 928 3290; x_wconf 75' lang='grc' dir='ltr'><strong>ι</strong></span> <span class='ocrx_word' id='word_1_167' title='bbox 942 3221 1062 3317; x_wconf 78' lang='lat' dir='ltr'>«Quid</span> <span class='ocrx_word' id='word_1_168' title='bbox 1072 3238 1128 3312; x_wconf 88' lang='lat' dir='ltr'>tu,</span> <span class='ocrx_word' id='word_1_169' title='bbox 1144 3224 1304 3327; x_wconf 79' lang='lat' dir='ltr'>inquam,</span> 
     </span>
     <span class='ocr_line' id='line_1_24' title="bbox 246 3332 1307 3442; baseline 0.008 -34"><span class='ocrx_word' id='word_1_170' title='bbox 246 3362 391 3409; x_wconf 90' lang='lat' dir='ltr'>narrare</span> <span class='ocrx_word' id='word_1_171' title='bbox 409 3332 487 3409; x_wconf 77' lang='lat' dir='ltr'>vis?</span> <span class='ocrx_word' id='word_1_172' title='bbox 500 3337 590 3409; x_wconf 90' lang='lat' dir='ltr'>Nam</span> <span class='ocrx_word' id='word_1_173' title='bbox 614 3354 654 3411; x_wconf 89' lang='lat' dir='ltr'>ut</span> <span class='ocrx_word' id='word_1_174' title='bbox 673 3338 796 3425; x_wconf 79' lang='lat' dir='ltr'>rideo,</span> <span class='ocrx_word' id='word_1_175' title='bbox 813 3338 920 3412; x_wconf 79' lang='lat' dir='ltr'>habes</span> <span class='ocrx_word' id='word_1_176' title='bbox 934 3340 1055 3414; x_wconf 86' lang='lat' dir='ltr'>neseio</span> <span class='ocrx_word' id='word_1_177' title='bbox 1072 3338 1163 3442; x_wconf 86' lang='lat' dir='ltr'>quid</span> <span class='ocrx_word' id='word_1_178' title='bbox 1173 3394 1186 3429; x_wconf 86' lang='lat'>,</span> <span class='ocrx_word' id='word_1_179' title='bbox 1211 3338 1307 3442; x_wconf 78' lang='lat' dir='ltr'>quod</span> 
     </span>
     <span class='ocr_line' id='line_1_25' title="bbox 244 3453 1304 3557; baseline 0.006 -33"><span class='ocrx_word' id='word_1_180' title='bbox 244 3453 287 3525; x_wconf 92' lang='lat' dir='ltr'>ad</span> <span class='ocrx_word' id='word_1_181' title='bbox 296 3470 455 3528; x_wconf 82' lang='lat' dir='ltr'>nostram</span> <span class='ocrx_word' id='word_1_182' title='bbox 463 3454 516 3526; x_wconf 86' lang='lat' dir='ltr'>via</span> <span class='ocrx_word' id='word_1_183' title='bbox 522 3454 683 3553; x_wconf 73' lang='lat' dir='ltr'>perferre</span> <span class='ocrx_word' id='word_1_184' title='bbox 691 3456 872 3529; x_wconf 87' lang='lat' dir='ltr'>notitiam.</span> <span class='ocrx_word' id='word_1_185' title='bbox 887 3456 1121 3530; x_wconf 81' lang='lat' dir='ltr'>»-Tumitte</span> <span class='ocrx_word' id='word_1_186' title='bbox 1131 3486 1141 3529; x_wconf 76' lang='grc' dir='ltr'><strong>ι</strong></span> <span class='ocrx_word' id='word_1_187' title='bbox 1153 3486 1175 3527; x_wconf 79' lang='lat' dir='ltr'>a</span> <span class='ocrx_word' id='word_1_188' title='bbox 1184 3456 1304 3557; x_wconf 72' lang='lat' dir='ltr'>Signa,</span> 
     </span>
     <span class='ocr_line' id='line_1_26' title="bbox 245 3568 1307 3671; baseline 0.006 -32"><span class='ocrx_word' id='word_1_189' title='bbox 245 3569 383 3668; x_wconf 87' lang='lat' dir='ltr'>inquit,</span> <span class='ocrx_word' id='word_1_190' title='bbox 400 3568 475 3642; x_wconf 91' lang='lat' dir='ltr'>duo</span> <span class='ocrx_word' id='word_1_191' title='bbox 488 3596 609 3645; x_wconf 87' lang='lat' dir='ltr'>coram</span> <span class='ocrx_word' id='word_1_192' title='bbox 626 3568 733 3646; x_wconf 80' lang='lat' dir='ltr'>nobie</span> <span class='ocrx_word' id='word_1_193' title='bbox 744 3569 855 3647; x_wconf 90' lang='lat' dir='ltr'>modo</span> <span class='ocrx_word' id='word_1_194' title='bbox 872 3568 965 3643; x_wconf 85' lang='lat' dir='ltr'>facta</span> <span class='ocrx_word' id='word_1_195' title='bbox 986 3586 1094 3658; x_wconf 79' lang='lat' dir='ltr'>sunt,</span> <span class='ocrx_word' id='word_1_196' title='bbox 1113 3568 1307 3671; x_wconf 72' lang='lat' dir='ltr'>quevobit</span> 
     </span>
     <span class='ocr_line' id='line_1_27' title="bbox 247 3683 1307 3788; baseline 0.006 -31"><span class='ocrx_word' id='word_1_197' title='bbox 247 3683 404 3759; x_wconf 87' lang='lat' dir='ltr'>iudicare</span> <span class='ocrx_word' id='word_1_198' title='bbox 416 3686 511 3759; x_wconf 79' lang='lat' dir='ltr'>veni.</span> <span class='ocrx_word' id='word_1_199' title='bbox 531 3717 549 3754; x_wconf 81' lang='lat' dir='ltr'>a</span> <span class='ocrx_word' id='word_1_200' title='bbox 567 3686 729 3788; x_wconf 90' lang='lat' dir='ltr'>Cumque</span> <span class='ocrx_word' id='word_1_201' title='bbox 743 3713 841 3776; x_wconf 88' lang='lat' dir='ltr'>eum,</span> <span class='ocrx_word' id='word_1_202' title='bbox 855 3686 1032 3788; x_wconf 85' lang='lat' dir='ltr'>quidquid</span> <span class='ocrx_word' id='word_1_203' title='bbox 1046 3687 1177 3779; x_wconf 81' lang='lat' dir='ltr'>vellet,</span> <span class='ocrx_word' id='word_1_204' title='bbox 1191 3688 1307 3763; x_wconf 75' lang='lat' dir='ltr'>dione</span> 
     </span>
     <span class='ocr_line' id='line_1_28' title="bbox 241 3802 1306 3903; baseline 0.004 -30"><span class='ocrx_word' id='word_1_205' title='bbox 241 3804 439 3902; x_wconf 84' lang='lat' dir='ltr'>jussissem:</span> <span class='ocrx_word' id='word_1_206' title='bbox 454 3804 608 3892; x_wconf 81' lang='lat' dir='ltr'>«Modo,</span> <span class='ocrx_word' id='word_1_207' title='bbox 622 3805 685 3890; x_wconf 84' lang='lat' dir='ltr'>ait,</span> <span class='ocrx_word' id='word_1_208' title='bbox 701 3804 834 3879; x_wconf 90' lang='lat' dir='ltr'>cumde</span> <span class='ocrx_word' id='word_1_209' title='bbox 847 3829 955 3877; x_wconf 87' lang='lat' dir='ltr'>coena</span> <span class='ocrx_word' id='word_1_210' title='bbox 966 3820 1153 3903; x_wconf 74' lang='lat' dir='ltr'>surgentes</span> <span class='ocrx_word' id='word_1_211' title='bbox 1162 3802 1234 3881; x_wconf 86' lang='lat' dir='ltr'>boe</span> <span class='ocrx_word' id='word_1_212' title='bbox 1244 3828 1306 3877; x_wconf 83' lang='lat' dir='ltr'>cn·</span> 
     </span>
     <span class='ocr_line' id='line_1_29' title="bbox 246 3916 1306 4021; baseline 0.005 -33"><span class='ocrx_word' id='word_1_213' title='bbox 246 3916 406 3990; x_wconf 88' lang='lat' dir='ltr'>biculum</span> <span class='ocrx_word' id='word_1_214' title='bbox 425 3920 597 4008; x_wconf 87' lang='lat' dir='ltr'>intrastis,</span> <span class='ocrx_word' id='word_1_215' title='bbox 609 3946 675 4021; x_wconf 85' lang='lat' dir='ltr'>ego</span> <span class='ocrx_word' id='word_1_216' title='bbox 688 3945 771 3992; x_wconf 91' lang='lat' dir='ltr'>cum</span> <span class='ocrx_word' id='word_1_217' title='bbox 784 3922 889 3994; x_wconf 81' lang='lat' dir='ltr'>sociis</span> <span class='ocrx_word' id='word_1_218' title='bbox 902 3920 989 3994; x_wconf 83' lang='lat' dir='ltr'>meis</span> <span class='ocrx_word' id='word_1_219' title='bbox 1005 3918 1173 3993; x_wconf 73' lang='lat' dir='ltr'>descendi</span> <span class='ocrx_word' id='word_1_220' title='bbox 1191 3916 1306 3993; x_wconf 75' lang='lat' dir='ltr'>inod-</span> 
     </span>
     <span class='ocr_line' id='line_1_30' title="bbox 246 4037 1304 4139; baseline 0.004 -32"><span class='ocrx_word' id='word_1_221' title='bbox 246 4037 373 4110; x_wconf 80' lang='lat' dir='ltr'>larium</span> <span class='ocrx_word' id='word_1_222' title='bbox 383 4092 394 4126; x_wconf 91' lang='lat'><strong><em>,</em></strong></span> <span class='ocrx_word' id='word_1_223' title='bbox 414 4040 512 4139; x_wconf 86' lang='lat' dir='ltr'>quod</span> <span class='ocrx_word' id='word_1_224' title='bbox 531 4040 614 4112; x_wconf 88' lang='lat' dir='ltr'>huic</span> <span class='ocrx_word' id='word_1_225' title='bbox 633 4039 819 4114; x_wconf 85' lang='lat' dir='ltr'>coeuaculo</span> <span class='ocrx_word' id='word_1_226' title='bbox 837 4037 1039 4137; x_wconf 82' lang='lat' dir='ltr'>subjectum</span> <span class='ocrx_word' id='word_1_227' title='bbox 1055 4054 1122 4111; x_wconf 80' lang='lat' dir='ltr'>eat.</span> <span class='ocrx_word' id='word_1_228' title='bbox 1137 4037 1209 4113; x_wconf 86' lang='lat' dir='ltr'>Ubi</span> <span class='ocrx_word' id='word_1_229' title='bbox 1228 4062 1304 4111; x_wconf 83' lang='lat' dir='ltr'>cum</span> 
     </span>
     <span class='ocr_line' id='line_1_31' title="bbox 245 4154 1301 4258; baseline 0.009 -39"><span class='ocrx_word' id='word_1_230' title='bbox 245 4158 426 4229; x_wconf 69' lang='lat' dir='ltr'>remisiam</span> <span class='ocrx_word' id='word_1_231' title='bbox 445 4159 618 4231; x_wconf 79' lang='lat' dir='ltr'>ministris</span> <span class='ocrx_word' id='word_1_232' title='bbox 627 4154 1301 4258; x_wconf 71' lang='lat' dir='ltr'>petentibusdietribuerecoepissemus,</span> 
     </span>
    </p>
   </div>
   <div class='ocr_carea' id='block_1_4' title="bbox 0 0 1571 5302">
    <p class='ocr_par' dir='ltr' id='par_1_4' title="bbox 0 0 1571 5302">
     <span class='ocr_line' id='line_1_32' title="bbox 0 0 1571 5302; baseline 0 0"><span class='ocrx_word' id='word_1_233' title='bbox 0 0 1571 5302; x_wconf 95' lang='lat' dir='ltr'> </span> 
     </span>
    </p>
   </div>
  </div>
 </body>
</html>
