<?xml version="1.0" encoding="UTF-8"?>
<!DOCTYPE html PUBLIC "-//W3C//DTD XHTML 1.0 Transitional//EN"
    "http://www.w3.org/TR/xhtml1/DTD/xhtml1-transitional.dtd">
<html xmlns="http://www.w3.org/1999/xhtml" xml:lang="en" lang="en">
 <head>
  <title>
</title>
<meta http-equiv="Content-Type" content="text/html;charset=utf-8" />
  <meta name='ocr-system' content='tesseract 3.04.00' />
  <meta name='ocr-capabilities' content='ocr_page ocr_carea ocr_par ocr_line ocrx_word'/>
</head>
<body>
  <div class='ocr_page' id='page_1' title='image "./einhardiomniaqu00einhgoog_0299.png"; bbox 0 0 3090 5302; ppageno 0'>
   <div class='ocr_carea' id='block_1_1' title="bbox 227 436 1308 2058">
    <p class='ocr_par' dir='ltr' id='par_1_1' title="bbox 227 436 1308 2058">
     <span class='ocr_line' id='line_1_1' title="bbox 233 436 1069 511; baseline -0.008 -6"><span class='ocrx_word' id='word_1_1' title='bbox 233 446 295 505; x_wconf 69' lang='lat'>282</span> <span class='ocrx_word' id='word_1_2' title='bbox 459 440 644 503; x_wconf 76' lang='lat' dir='ltr'>HISTORIA</span> <span class='ocrx_word' id='word_1_3' title='bbox 666 436 985 511; x_wconf 73' lang='lat' dir='ltr'>Tflnnsmlotlls,</span> <span class='ocrx_word' id='word_1_4' title='bbox 1007 456 1069 499; x_wconf 76' lang='lat' dir='ltr'>nc.</span> 
     </span>
     <span class='ocr_line' id='line_1_2' title="bbox 227 560 1299 663; baseline 0.003 -28"><span class='ocrx_word' id='word_1_5' title='bbox 227 563 480 663; x_wconf 77' lang='lat' dir='ltr'>jussi-Tum</span> <span class='ocrx_word' id='word_1_6' title='bbox 490 587 579 662; x_wconf 78' lang='lat' dir='ltr'>ego:</span> <span class='ocrx_word' id='word_1_7' title='bbox 595 561 711 636; x_wconf 87' lang='lat' dir='ltr'>Nemo</span> <span class='ocrx_word' id='word_1_8' title='bbox 722 576 789 650; x_wconf 87' lang='lat' dir='ltr'>est,</span> <span class='ocrx_word' id='word_1_9' title='bbox 807 561 969 661; x_wconf 86' lang='lat' dir='ltr'>inquam,</span> <span class='ocrx_word' id='word_1_10' title='bbox 983 562 1046 660; x_wconf 90' lang='lat' dir='ltr'>qui</span> <span class='ocrx_word' id='word_1_11' title='bbox 1056 560 1193 648; x_wconf 85' lang='lat' dir='ltr'>credat,</span> <span class='ocrx_word' id='word_1_12' title='bbox 1205 562 1299 663; x_wconf 85' lang='lat' dir='ltr'>quod</span> 
     </span>
     <span class='ocr_line' id='line_1_3' title="bbox 236 674 1299 777; baseline 0.001 -27"><span class='ocrx_word' id='word_1_13' title='bbox 236 676 382 777; x_wconf 78' lang='lat' dir='ltr'>angelus</span> <span class='ocrx_word' id='word_1_14' title='bbox 396 702 538 749; x_wconf 89' lang='lat' dir='ltr'>mecum</span> <span class='ocrx_word' id='word_1_15' title='bbox 553 677 696 751; x_wconf 80' lang='lat' dir='ltr'>locutus</span> <span class='ocrx_word' id='word_1_16' title='bbox 710 678 777 765; x_wconf 89' lang='lat' dir='ltr'>sit,</span> <span class='ocrx_word' id='word_1_17' title='bbox 792 690 855 749; x_wconf 89' lang='lat' dir='ltr'>aut</span> <span class='ocrx_word' id='word_1_18' title='bbox 867 701 925 749; x_wconf 89' lang='lat' dir='ltr'>me</span> <span class='ocrx_word' id='word_1_19' title='bbox 942 674 1006 748; x_wconf 88' lang='lat' dir='ltr'>ista</span> <span class='ocrx_word' id='word_1_20' title='bbox 1022 676 1192 751; x_wconf 84' lang='lat' dir='ltr'>nuntiare</span> <span class='ocrx_word' id='word_1_21' title='bbox 1203 703 1299 751; x_wconf 82' lang='lat' dir='ltr'>mau-</span> 
     </span>
     <span class='ocr_line' id='line_1_4' title="bbox 233 791 1301 898; baseline -0.002 -28"><span class='ocrx_word' id='word_1_22' title='bbox 233 794 521 870; x_wconf 81' lang='lat' dir='ltr'>daverit.-Non</span> <span class='ocrx_word' id='word_1_23' title='bbox 533 798 617 885; x_wconf 86' lang='lat' dir='ltr'>erit,</span> <span class='ocrx_word' id='word_1_24' title='bbox 630 798 764 898; x_wconf 87' lang='lat' dir='ltr'>inquit,</span> <span class='ocrx_word' id='word_1_25' title='bbox 777 797 843 882; x_wconf 86' lang='lat' dir='ltr'>ita;</span> <span class='ocrx_word' id='word_1_26' title='bbox 857 794 918 869; x_wconf 85' lang='lat' dir='ltr'>sed</span> <span class='ocrx_word' id='word_1_27' title='bbox 927 791 1022 868; x_wconf 80' lang='lat' dir='ltr'>dubo</span> <span class='ocrx_word' id='word_1_28' title='bbox 1034 795 1195 895; x_wconf 82' lang='lat' dir='ltr'>signum,</span> <span class='ocrx_word' id='word_1_29' title='bbox 1207 797 1301 897; x_wconf 83' lang='lat' dir='ltr'>quod</span> 
     </span>
     <span class='ocr_line' id='line_1_5' title="bbox 235 909 1302 1014; baseline 0.002 -31"><span class='ocrx_word' id='word_1_30' title='bbox 235 911 342 983; x_wconf 86' lang='lat' dir='ltr'>lacias</span> <span class='ocrx_word' id='word_1_31' title='bbox 360 937 482 984; x_wconf 88' lang='lat' dir='ltr'>coram</span> <span class='ocrx_word' id='word_1_32' title='bbox 503 912 579 985; x_wconf 87' lang='lat' dir='ltr'>eis:</span> <span class='ocrx_word' id='word_1_33' title='bbox 605 937 680 1014; x_wconf 90' lang='lat' dir='ltr'>quo</span> <span class='ocrx_word' id='word_1_34' title='bbox 704 912 801 997; x_wconf 78' lang='lat' dir='ltr'>viso,</span> <span class='ocrx_word' id='word_1_35' title='bbox 827 909 963 983; x_wconf 92' lang='lat' dir='ltr'>nullam</span> <span class='ocrx_word' id='word_1_36' title='bbox 987 910 1080 983; x_wconf 85' lang='lat' dir='ltr'>ultra</span> <span class='ocrx_word' id='word_1_37' title='bbox 1104 909 1302 985; x_wconf 82' lang='lat' dir='ltr'>dubitatio-</span> 
     </span>
     <span class='ocr_line' id='line_1_6' title="bbox 235 1024 1303 1127; baseline -0.001 -27"><span class='ocrx_word' id='word_1_38' title='bbox 235 1052 321 1100; x_wconf 85' lang='lat' dir='ltr'>nem</span> <span class='ocrx_word' id='word_1_39' title='bbox 344 1024 530 1101; x_wconf 86' lang='lat' dir='ltr'>habebunt</span> <span class='ocrx_word' id='word_1_40' title='bbox 550 1027 594 1101; x_wconf 88' lang='lat' dir='ltr'>de</span> <span class='ocrx_word' id='word_1_41' title='bbox 615 1025 765 1127; x_wconf 71' lang='lat' dir='ltr'>hisquae</span> <span class='ocrx_word' id='word_1_42' title='bbox 780 1026 823 1099; x_wconf 91' lang='lat' dir='ltr'>ad</span> <span class='ocrx_word' id='word_1_43' title='bbox 837 1051 897 1100; x_wconf 85' lang='lat' dir='ltr'>eos</span> <span class='ocrx_word' id='word_1_44' title='bbox 910 1051 953 1099; x_wconf 82' lang='lat' dir='ltr'>ex</span> <span class='ocrx_word' id='word_1_45' title='bbox 968 1052 1043 1099; x_wconf 89' lang='lat' dir='ltr'>mea</span> <span class='ocrx_word' id='word_1_46' title='bbox 1053 1026 1217 1124; x_wconf 83' lang='lat' dir='ltr'>jussione</span> <span class='ocrx_word' id='word_1_47' title='bbox 1229 1052 1303 1126; x_wconf 84' lang='lat' dir='ltr'>per·</span> 
     </span>
     <span class='ocr_line' id='line_1_7' title="bbox 236 1142 1300 1219; baseline 0 -2"><span class='ocrx_word' id='word_1_48' title='bbox 236 1145 375 1219; x_wconf 84' lang='lat' dir='ltr'>tuleris.</span> <span class='ocrx_word' id='word_1_49' title='bbox 396 1145 553 1219; x_wconf 85' lang='lat' dir='ltr'>Proinde</span> <span class='ocrx_word' id='word_1_50' title='bbox 572 1145 655 1219; x_wconf 86' lang='lat' dir='ltr'>volo</span> <span class='ocrx_word' id='word_1_51' title='bbox 682 1143 776 1219; x_wconf 79' lang='lat' dir='ltr'>dicas</span> <span class='ocrx_word' id='word_1_52' title='bbox 794 1144 957 1219; x_wconf 81' lang='lat' dir='ltr'>llatleico</span> <span class='ocrx_word' id='word_1_53' title='bbox 982 1160 1024 1217; x_wconf 87' lang='lat' dir='ltr'>ut</span> <span class='ocrx_word' id='word_1_54' title='bbox 1049 1142 1220 1219; x_wconf 72' lang='lat' dir='ltr'>exhibent</span> <span class='ocrx_word' id='word_1_55' title='bbox 1238 1142 1300 1219; x_wconf 86' lang='lat' dir='ltr'>tibi</span> 
     </span>
     <span class='ocr_line' id='line_1_8' title="bbox 235 1262 1305 1367; baseline -0.004 -29"><span class='ocrx_word' id='word_1_56' title='bbox 235 1265 326 1339; x_wconf 92' lang='lat' dir='ltr'>duos</span> <span class='ocrx_word' id='word_1_57' title='bbox 352 1290 474 1339; x_wconf 86' lang='lat' dir='ltr'>cereos</span> <span class='ocrx_word' id='word_1_58' title='bbox 498 1291 611 1339; x_wconf 81' lang='lat' dir='ltr'>novos</span> <span class='ocrx_word' id='word_1_59' title='bbox 634 1265 698 1367; x_wconf 91' lang='lat' dir='ltr'>qui</span> <span class='ocrx_word' id='word_1_60' title='bbox 720 1264 884 1337; x_wconf 91' lang='lat' dir='ltr'>nondum</span> <span class='ocrx_word' id='word_1_61' title='bbox 909 1262 1045 1337; x_wconf 80' lang='lat' dir='ltr'>accensi</span> <span class='ocrx_word' id='word_1_62' title='bbox 1068 1262 1247 1351; x_wconf 77' lang='lat' dir='ltr'>fuissent3</span> <span class='ocrx_word' id='word_1_63' title='bbox 1270 1278 1305 1337; x_wconf 86' lang='lat' dir='ltr'>et</span> 
     </span>
     <span class='ocr_line' id='line_1_9' title="bbox 237 1382 1306 1469; baseline 0.002 -14"><span class='ocrx_word' id='word_1_64' title='bbox 237 1409 353 1456; x_wconf 91' lang='lat' dir='ltr'>unum</span> <span class='ocrx_word' id='word_1_65' title='bbox 374 1412 417 1458; x_wconf 87' lang='lat' dir='ltr'>cx</span> <span class='ocrx_word' id='word_1_66' title='bbox 436 1385 487 1458; x_wconf 87' lang='lat' dir='ltr'>eis</span> <span class='ocrx_word' id='word_1_67' title='bbox 506 1383 652 1469; x_wconf 83' lang='lat' dir='ltr'>dextra,</span> <span class='ocrx_word' id='word_1_68' title='bbox 671 1383 826 1457; x_wconf 84' lang='lat' dir='ltr'>alterum</span> <span class='ocrx_word' id='word_1_69' title='bbox 842 1382 985 1455; x_wconf 85' lang='lat' dir='ltr'>sinistra</span> <span class='ocrx_word' id='word_1_70' title='bbox 1005 1396 1152 1469; x_wconf 82' lang='lat' dir='ltr'>tenens,</span> <span class='ocrx_word' id='word_1_71' title='bbox 1173 1397 1227 1455; x_wconf 82' lang='lat' dir='ltr'>eta</span> <span class='ocrx_word' id='word_1_72' title='bbox 1243 1408 1306 1457; x_wconf 87' lang='lat' dir='ltr'>oo-</span> 
     </span>
     <span class='ocr_line' id='line_1_10' title="bbox 237 1499 1306 1602; baseline 0.001 -29"><span class='ocrx_word' id='word_1_73' title='bbox 237 1526 315 1573; x_wconf 85' lang='lat' dir='ltr'>ram</span> <span class='ocrx_word' id='word_1_74' title='bbox 329 1500 454 1589; x_wconf 71' lang='lat' dir='ltr'>altari3</span> <span class='ocrx_word' id='word_1_75' title='bbox 469 1517 599 1577; x_wconf 87' lang='lat' dir='ltr'>etcum</span> <span class='ocrx_word' id='word_1_76' title='bbox 612 1502 749 1590; x_wconf 90' lang='lat' dir='ltr'>omnia,</span> <span class='ocrx_word' id='word_1_77' title='bbox 760 1526 844 1602; x_wconf 78' lang='lat' dir='ltr'>quae</span> <span class='ocrx_word' id='word_1_78' title='bbox 863 1499 928 1573; x_wconf 85' lang='lat' dir='ltr'>tibi</span> <span class='ocrx_word' id='word_1_79' title='bbox 940 1501 1111 1599; x_wconf 84' lang='lat' dir='ltr'>praecepi,</span> <span class='ocrx_word' id='word_1_80' title='bbox 1127 1500 1306 1575; x_wconf 78' lang='lat' dir='ltr'>narrando</span> 
     </span>
     <span class='ocr_line' id='line_1_11' title="bbox 236 1614 1307 1720; baseline 0.001 -29"><span class='ocrx_word' id='word_1_81' title='bbox 236 1619 493 1718; x_wconf 79' lang='lat' dir='ltr'>compleveris,</span> <span class='ocrx_word' id='word_1_82' title='bbox 514 1619 573 1693; x_wconf 88' lang='lat' dir='ltr'>dle</span> <span class='ocrx_word' id='word_1_83' title='bbox 589 1619 639 1693; x_wconf 85' lang='lat' dir='ltr'>eis</span> <span class='ocrx_word' id='word_1_84' title='bbox 658 1621 721 1720; x_wconf 89' lang='lat' dir='ltr'>qui</span> <span class='ocrx_word' id='word_1_85' title='bbox 740 1618 817 1691; x_wconf 80' lang='lat' dir='ltr'>haec</span> <span class='ocrx_word' id='word_1_86' title='bbox 830 1616 1004 1704; x_wconf 84' lang='lat' dir='ltr'>audiunt,</span> <span class='ocrx_word' id='word_1_87' title='bbox 1023 1617 1124 1690; x_wconf 90' lang='lat' dir='ltr'>utin</span> <span class='ocrx_word' id='word_1_88' title='bbox 1143 1614 1216 1691; x_wconf 89' lang='lat' dir='ltr'>boe</span> <span class='ocrx_word' id='word_1_89' title='bbox 1231 1644 1307 1692; x_wconf 87' lang='lat' dir='ltr'>cre·</span> 
     </span>
     <span class='ocr_line' id='line_1_12' title="bbox 239 1734 1307 1837; baseline 0.001 -29"><span class='ocrx_word' id='word_1_90' title='bbox 239 1734 327 1809; x_wconf 86' lang='lat' dir='ltr'>dant</span> <span class='ocrx_word' id='word_1_91' title='bbox 342 1763 425 1810; x_wconf 84' lang='lat' dir='ltr'>vera</span> <span class='ocrx_word' id='word_1_92' title='bbox 442 1752 479 1811; x_wconf 86' lang='lat' dir='ltr'>et</span> <span class='ocrx_word' id='word_1_93' title='bbox 491 1735 538 1809; x_wconf 93' lang='lat' dir='ltr'>ab</span> <span class='ocrx_word' id='word_1_94' title='bbox 554 1736 682 1837; x_wconf 78' lang='lat' dir='ltr'>angelo</span> <span class='ocrx_word' id='word_1_95' title='bbox 696 1737 760 1811; x_wconf 86' lang='lat' dir='ltr'>Dei</span> <span class='ocrx_word' id='word_1_96' title='bbox 774 1763 847 1811; x_wconf 83' lang='lat' dir='ltr'>esse</span> <span class='ocrx_word' id='word_1_97' title='bbox 860 1734 1025 1809; x_wconf 84' lang='lat' dir='ltr'>mandata</span> <span class='ocrx_word' id='word_1_98' title='bbox 1034 1788 1046 1825; x_wconf 88' lang='lat'>,</span> <span class='ocrx_word' id='word_1_99' title='bbox 1061 1760 1147 1837; x_wconf 75' lang='lat' dir='ltr'>quae</span> <span class='ocrx_word' id='word_1_100' title='bbox 1165 1734 1307 1827; x_wconf 81' lang='lat' dir='ltr'>dixisti,</span> 
     </span>
     <span class='ocr_line' id='line_1_13' title="bbox 240 1851 1308 1955; baseline 0.002 -30"><span class='ocrx_word' id='word_1_101' title='bbox 240 1853 268 1925; x_wconf 87' lang='lat' dir='ltr'>si</span> <span class='ocrx_word' id='word_1_102' title='bbox 284 1851 321 1927; x_wconf 91' lang='lat' dir='ltr'>hi</span> <span class='ocrx_word' id='word_1_103' title='bbox 340 1855 432 1929; x_wconf 88' lang='lat' dir='ltr'>cerei</span> <span class='ocrx_word' id='word_1_104' title='bbox 452 1855 490 1929; x_wconf 91' lang='lat' dir='ltr'>iu</span> <span class='ocrx_word' id='word_1_105' title='bbox 509 1853 675 1928; x_wconf 89' lang='lat' dir='ltr'>manibus</span> <span class='ocrx_word' id='word_1_106' title='bbox 695 1856 788 1944; x_wconf 86' lang='lat' dir='ltr'>tuis,</span> <span class='ocrx_word' id='word_1_107' title='bbox 811 1856 889 1928; x_wconf 84' lang='lat' dir='ltr'>sine</span> <span class='ocrx_word' id='word_1_108' title='bbox 906 1852 1132 1929; x_wconf 81' lang='lat' dir='ltr'>adhibitione</span> <span class='ocrx_word' id='word_1_109' title='bbox 1149 1854 1242 1955; x_wconf 75' lang='lat' dir='ltr'>ignis</span> <span class='ocrx_word' id='word_1_110' title='bbox 1254 1854 1308 1927; x_wconf 81' lang='lat' dir='ltr'>vi·</span> 
     </span>
     <span class='ocr_line' id='line_1_14' title="bbox 239 1967 1106 2058; baseline -0.001 -17"><span class='ocrx_word' id='word_1_111' title='bbox 239 1967 373 2058; x_wconf 86' lang='lat' dir='ltr'>sibilis,</span> <span class='ocrx_word' id='word_1_112' title='bbox 392 1970 530 2047; x_wconf 82' lang='lat' dir='ltr'>suerint</span> <span class='ocrx_word' id='word_1_113' title='bbox 550 1970 755 2047; x_wconf 88' lang='lat' dir='ltr'>videntibus</span> <span class='ocrx_word' id='word_1_114' title='bbox 773 1971 843 2044; x_wconf 91' lang='lat' dir='ltr'>illis</span> <span class='ocrx_word' id='word_1_115' title='bbox 866 1970 1106 2045; x_wconf 72' lang='lat' dir='ltr'>illuminati.»</span> 
     </span>
    </p>
   </div>
   <div class='ocr_carea' id='block_1_2' title="bbox 238 2449 1312 2669">
    <p class='ocr_par' dir='ltr' id='par_1_2' title="bbox 238 2449 1312 2669">
     <span class='ocr_line' id='line_1_15' title="bbox 288 2449 1308 2553; baseline 0.005 -32"><span class='ocrx_word' id='word_1_116' title='bbox 288 2449 372 2543; x_wconf 85' lang='lat' dir='ltr'>Quo</span> <span class='ocrx_word' id='word_1_117' title='bbox 398 2449 516 2537; x_wconf 86' lang='lat' dir='ltr'>facto,</span> <span class='ocrx_word' id='word_1_118' title='bbox 535 2452 692 2550; x_wconf 85' lang='lat' dir='ltr'>scriptus</span> <span class='ocrx_word' id='word_1_119' title='bbox 717 2466 771 2525; x_wconf 85' lang='lat' dir='ltr'>est</span> <span class='ocrx_word' id='word_1_120' title='bbox 796 2450 959 2540; x_wconf 89' lang='lat' dir='ltr'>libellus,</span> <span class='ocrx_word' id='word_1_121' title='bbox 977 2450 1142 2553; x_wconf 87' lang='lat' dir='ltr'>mihique</span> <span class='ocrx_word' id='word_1_122' title='bbox 1162 2451 1308 2539; x_wconf 81' lang='lat' dir='ltr'>allatus,</span> 
     </span>
     <span class='ocr_line' id='line_1_16' title="bbox 238 2564 1312 2669; baseline 0.003 -31"><span class='ocrx_word' id='word_1_123' title='bbox 238 2592 279 2638; x_wconf 90' lang='lat' dir='ltr'>ae</span> <span class='ocrx_word' id='word_1_124' title='bbox 297 2591 361 2663; x_wconf 85' lang='lat' dir='ltr'>per</span> <span class='ocrx_word' id='word_1_125' title='bbox 375 2591 432 2639; x_wconf 89' lang='lat' dir='ltr'>me</span> <span class='ocrx_word' id='word_1_126' title='bbox 445 2566 519 2665; x_wconf 79' lang='lat' dir='ltr'>regi</span> <span class='ocrx_word' id='word_1_127' title='bbox 538 2564 703 2654; x_wconf 85' lang='lat' dir='ltr'>oblatus,</span> <span class='ocrx_word' id='word_1_128' title='bbox 720 2565 765 2638; x_wconf 91' lang='lat' dir='ltr'>ab</span> <span class='ocrx_word' id='word_1_129' title='bbox 784 2566 848 2641; x_wconf 92' lang='lat' dir='ltr'>illo</span> <span class='ocrx_word' id='word_1_130' title='bbox 859 2593 1006 2668; x_wconf 83' lang='lat' dir='ltr'>quoque</span> <span class='ocrx_word' id='word_1_131' title='bbox 1023 2581 1192 2668; x_wconf 82' lang='lat' dir='ltr'>acceptus</span> <span class='ocrx_word' id='word_1_132' title='bbox 1206 2582 1312 2669; x_wconf 70' lang='lat' dir='ltr'>atqm</span> 
     </span>
    </p>
   </div>
   <div class='ocr_carea' id='block_1_3' title="bbox 232 2683 1315 3370">
    <p class='ocr_par' dir='ltr' id='par_1_3' title="bbox 232 2683 1315 3370">
     <span class='ocr_line' id='line_1_17' title="bbox 241 2683 1311 2783; baseline 0.004 -26"><span class='ocrx_word' id='word_1_133' title='bbox 241 2683 421 2783; x_wconf 86' lang='lat' dir='ltr'>perlectus</span> <span class='ocrx_word' id='word_1_134' title='bbox 448 2700 515 2757; x_wconf 83' lang='lat' dir='ltr'>est.</span> <span class='ocrx_word' id='word_1_135' title='bbox 549 2683 688 2760; x_wconf 89' lang='lat' dir='ltr'>ldcirco</span> <span class='ocrx_word' id='word_1_136' title='bbox 713 2685 828 2758; x_wconf 84' lang='lat' dir='ltr'>visum</span> <span class='ocrx_word' id='word_1_137' title='bbox 855 2700 910 2758; x_wconf 86' lang='lat' dir='ltr'>est</span> <span class='ocrx_word' id='word_1_138' title='bbox 936 2683 1040 2770; x_wconf 86' lang='lat' dir='ltr'>mibi,</span> <span class='ocrx_word' id='word_1_139' title='bbox 1068 2685 1168 2759; x_wconf 88' lang='lat' dir='ltr'>inter</span> <span class='ocrx_word' id='word_1_140' title='bbox 1187 2700 1311 2761; x_wconf 78' lang='lat' dir='ltr'>coeten</span> 
     </span>
     <span class='ocr_line' id='line_1_18' title="bbox 241 2798 1314 2903; baseline 0.003 -31"><span class='ocrx_word' id='word_1_141' title='bbox 241 2799 434 2886; x_wconf 90' lang='lat' dir='ltr'>miracula,</span> <span class='ocrx_word' id='word_1_142' title='bbox 463 2798 575 2874; x_wconf 85' lang='lat' dir='ltr'>libelli</span> <span class='ocrx_word' id='word_1_143' title='bbox 607 2798 712 2899; x_wconf 83' lang='lat' dir='ltr'>hujus</span> <span class='ocrx_word' id='word_1_144' title='bbox 734 2801 851 2875; x_wconf 84' lang='lat' dir='ltr'>lacere</span> <span class='ocrx_word' id='word_1_145' title='bbox 876 2802 1122 2889; x_wconf 72' lang='lat' dir='ltr'>mentionem</span> <span class='ocrx_word' id='word_1_146' title='bbox 1145 2802 1231 2903; x_wconf 82' lang='lat' dir='ltr'>quia</span> <span class='ocrx_word' id='word_1_147' title='bbox 1253 2826 1314 2903; x_wconf 79' lang='lat' dir='ltr'>per·</span> 
     </span>
     <span class='ocr_line' id='line_1_19' title="bbox 241 2917 1311 3021; baseline 0 -30"><span class='ocrx_word' id='word_1_148' title='bbox 241 2919 486 3004; x_wconf 81' lang='lat' dir='ltr'>occasionem,</span> <span class='ocrx_word' id='word_1_149' title='bbox 514 2943 584 3017; x_wconf 86' lang='lat' dir='ltr'>qua</span> <span class='ocrx_word' id='word_1_150' title='bbox 614 2918 674 2991; x_wconf 86' lang='lat' dir='ltr'>ille</span> <span class='ocrx_word' id='word_1_151' title='bbox 704 2917 813 2991; x_wconf 78' lang='lat' dir='ltr'>scribi</span> <span class='ocrx_word' id='word_1_152' title='bbox 836 2917 1049 3018; x_wconf 83' lang='lat' dir='ltr'>jubebatur,</span> <span class='ocrx_word' id='word_1_153' title='bbox 1078 2920 1238 3021; x_wconf 81' lang='lat' dir='ltr'>contigit</span> <span class='ocrx_word' id='word_1_154' title='bbox 1256 2918 1311 2991; x_wconf 81' lang='lat' dir='ltr'>illa</span> 
     </span>
     <span class='ocr_line' id='line_1_20' title="bbox 232 3032 1314 3138; baseline 0.002 -31"><span class='ocrx_word' id='word_1_155' title='bbox 232 3032 418 3109; x_wconf 88' lang='lat' dir='ltr'>mirabilis</span> <span class='ocrx_word' id='word_1_156' title='bbox 434 3048 472 3108; x_wconf 89' lang='lat' dir='ltr'>et</span> <span class='ocrx_word' id='word_1_157' title='bbox 489 3035 658 3108; x_wconf 86' lang='lat' dir='ltr'>unisitata</span> <span class='ocrx_word' id='word_1_158' title='bbox 685 3062 876 3111; x_wconf 85' lang='lat' dir='ltr'>cereorum</span> <span class='ocrx_word' id='word_1_159' title='bbox 901 3036 1084 3125; x_wconf 76' lang='lat' dir='ltr'>accensio,</span> <span class='ocrx_word' id='word_1_160' title='bbox 1115 3062 1227 3138; x_wconf 85' lang='lat' dir='ltr'>quam</span> <span class='ocrx_word' id='word_1_161' title='bbox 1253 3061 1314 3138; x_wconf 81' lang='lat' dir='ltr'>per</span> 
     </span>
     <span class='ocr_line' id='line_1_21' title="bbox 243 3149 1315 3257; baseline 0.003 -31"><span class='ocrx_word' id='word_1_162' title='bbox 243 3152 371 3226; x_wconf 86' lang='lat' dir='ltr'>merita</span> <span class='ocrx_word' id='word_1_163' title='bbox 389 3149 580 3225; x_wconf 87' lang='lat' dir='ltr'>beatorum</span> <span class='ocrx_word' id='word_1_164' title='bbox 597 3152 803 3254; x_wconf 81' lang='lat' dir='ltr'><strong>Martyrum</strong></span> <span class='ocrx_word' id='word_1_165' title='bbox 823 3153 901 3227; x_wconf 89' lang='lat' dir='ltr'>lieri</span> <span class='ocrx_word' id='word_1_166' title='bbox 915 3151 1047 3229; x_wconf 86' lang='lat' dir='ltr'>debere</span> <span class='ocrx_word' id='word_1_167' title='bbox 1062 3154 1159 3255; x_wconf 84' lang='lat' dir='ltr'>ipse,</span> <span class='ocrx_word' id='word_1_168' title='bbox 1174 3154 1239 3257; x_wconf 87' lang='lat' dir='ltr'>qui</span> <span class='ocrx_word' id='word_1_169' title='bbox 1256 3178 1315 3229; x_wconf 82' lang='lat' dir='ltr'>cot</span> 
     </span>
     <span class='ocr_line' id='line_1_22' title="bbox 243 3268 930 3370; baseline 0.001 -29"><span class='ocrx_word' id='word_1_170' title='bbox 243 3268 479 3356; x_wconf 86' lang='lat' dir='ltr'>illuminavit,</span> <span class='ocrx_word' id='word_1_171' title='bbox 495 3269 641 3368; x_wconf 79' lang='lat' dir='ltr'>angelus·</span> <span class='ocrx_word' id='word_1_172' title='bbox 655 3272 930 3370; x_wconf 84' lang='lat' dir='ltr'>praenuntiavit.</span> 
     </span>
    </p>
   </div>
   <div class='ocr_carea' id='block_1_4' title="bbox 244 3620 1315 4313">
    <p class='ocr_par' dir='ltr' id='par_1_4' title="bbox 244 3620 1315 4313">
     <span class='ocr_line' id='line_1_23' title="bbox 294 3620 1314 3723; baseline 0.003 -27"><span class='ocrx_word' id='word_1_173' title='bbox 294 3623 355 3696; x_wconf 76' lang='lat'>49.</span> <span class='ocrx_word' id='word_1_174' title='bbox 376 3620 452 3695; x_wconf 88' lang='lat' dir='ltr'>Sub</span> <span class='ocrx_word' id='word_1_175' title='bbox 472 3621 566 3697; x_wconf 88' lang='lat' dir='ltr'>idem</span> <span class='ocrx_word' id='word_1_176' title='bbox 584 3621 660 3697; x_wconf 86' lang='lat' dir='ltr'>sere</span> <span class='ocrx_word' id='word_1_177' title='bbox 681 3639 840 3723; x_wconf 86' lang='lat' dir='ltr'>tempus,</span> <span class='ocrx_word' id='word_1_178' title='bbox 860 3650 943 3696; x_wconf 89' lang='lat' dir='ltr'>cum</span> <span class='ocrx_word' id='word_1_179' title='bbox 971 3624 1153 3697; x_wconf 82' lang='lat' dir='ltr'>llatleicus</span> <span class='ocrx_word' id='word_1_180' title='bbox 1174 3649 1194 3696; x_wconf 89' lang='grc' dir='ltr'>ιι</span> <span class='ocrx_word' id='word_1_181' title='bbox 1213 3620 1314 3699; x_wconf 80' lang='lat' dir='ltr'>nobit</span> 
     </span>
     <span class='ocr_line' id='line_1_24' title="bbox 245 3738 1315 3841; baseline -0.002 -26"><span class='ocrx_word' id='word_1_182' title='bbox 245 3741 290 3815; x_wconf 81' lang='lat' dir='ltr'>ad</span> <span class='ocrx_word' id='word_1_183' title='bbox 307 3739 490 3813; x_wconf 84' lang='lat' dir='ltr'>basilicam</span> <span class='ocrx_word' id='word_1_184' title='bbox 507 3742 710 3841; x_wconf 80' lang='lat' dir='ltr'>Martyrum</span> <span class='ocrx_word' id='word_1_185' title='bbox 725 3766 906 3841; x_wconf 80' lang='lat' dir='ltr'>regressus</span> <span class='ocrx_word' id='word_1_186' title='bbox 918 3757 991 3829; x_wconf 83' lang='lat' dir='ltr'>est,</span> <span class='ocrx_word' id='word_1_187' title='bbox 1007 3740 1137 3815; x_wconf 73' lang='lat' dir='ltr'>allatus</span> <span class='ocrx_word' id='word_1_188' title='bbox 1147 3738 1315 3817; x_wconf 78' lang='lat' dir='ltr'>estuobie</span> 
     </span>
     <span class='ocr_line' id='line_1_25' title="bbox 244 3856 1314 3943; baseline 0.004 -12"><span class='ocrx_word' id='word_1_189' title='bbox 244 3857 329 3932; x_wconf 86' lang='lat' dir='ltr'>inde</span> <span class='ocrx_word' id='word_1_190' title='bbox 344 3856 435 3931; x_wconf 90' lang='lat' dir='ltr'>alter</span> <span class='ocrx_word' id='word_1_191' title='bbox 464 3856 629 3943; x_wconf 89' lang='lat' dir='ltr'>libellus,</span> <span class='ocrx_word' id='word_1_192' title='bbox 661 3860 855 3933; x_wconf 86' lang='lat' dir='ltr'>continens</span> <span class='ocrx_word' id='word_1_193' title='bbox 876 3856 984 3932; x_wconf 86' lang='lat' dir='ltr'>verba</span> <span class='ocrx_word' id='word_1_194' title='bbox 1006 3874 1044 3932; x_wconf 87' lang='lat' dir='ltr'>et</span> <span class='ocrx_word' id='word_1_195' title='bbox 1065 3858 1314 3935; x_wconf 78' lang='lat' dir='ltr'>ratiocinetio-</span> 
     </span>
     <span class='ocr_line' id='line_1_26' title="bbox 246 3973 1313 4079; baseline 0.003 -31"><span class='ocrx_word' id='word_1_196' title='bbox 246 4002 332 4048; x_wconf 88' lang='lat' dir='ltr'>nem</span> <span class='ocrx_word' id='word_1_197' title='bbox 348 3974 532 4073; x_wconf 87' lang='lat' dir='ltr'>cujusdam</span> <span class='ocrx_word' id='word_1_198' title='bbox 551 3973 746 4063; x_wconf 86' lang='lat' dir='ltr'>daemonis,</span> <span class='ocrx_word' id='word_1_199' title='bbox 765 3977 828 4077; x_wconf 89' lang='lat' dir='ltr'>qui</span> <span class='ocrx_word' id='word_1_200' title='bbox 847 4002 885 4051; x_wconf 89' lang='lat' dir='ltr'>se</span> <span class='ocrx_word' id='word_1_201' title='bbox 904 3977 1125 4079; x_wconf 81' lang='lat' dir='ltr'>wiggonem</span> <span class='ocrx_word' id='word_1_202' title='bbox 1145 3978 1313 4053; x_wconf 83' lang='lat' dir='ltr'>nomina·</span> 
     </span>
     <span class='ocr_line' id='line_1_27' title="bbox 245 4092 1312 4186; baseline 0.006 -23"><span class='ocrx_word' id='word_1_203' title='bbox 245 4094 309 4168; x_wconf 79' lang='lat' dir='ltr'>rit.</span> <span class='ocrx_word' id='word_1_204' title='bbox 339 4092 430 4186; x_wconf 78' lang='lat' dir='ltr'>Quae</span> <span class='ocrx_word' id='word_1_205' title='bbox 451 4092 543 4165; x_wconf 84' lang='lat' dir='ltr'>lacta</span> <span class='ocrx_word' id='word_1_206' title='bbox 569 4109 623 4166; x_wconf 84' lang='lat' dir='ltr'>est</span> <span class='ocrx_word' id='word_1_207' title='bbox 639 4092 686 4166; x_wconf 89' lang='lat' dir='ltr'>ab</span> <span class='ocrx_word' id='word_1_208' title='bbox 711 4119 755 4168; x_wconf 87' lang='lat' dir='ltr'>eo</span> <span class='ocrx_word' id='word_1_209' title='bbox 774 4119 897 4168; x_wconf 87' lang='lat' dir='ltr'>coram</span> <span class='ocrx_word' id='word_1_210' title='bbox 920 4095 1046 4169; x_wconf 88' lang='lat' dir='ltr'>multis</span> <span class='ocrx_word' id='word_1_211' title='bbox 1065 4094 1219 4173; x_wconf 70' lang='lat' dir='ltr'>toribii·</span> <span class='ocrx_word' id='word_1_212' title='bbox 1234 4110 1312 4171; x_wconf 78' lang='lat' dir='ltr'>aute</span> 
     </span>
     <span class='ocr_line' id='line_1_28' title="bbox 248 4205 1310 4313; baseline -0.002 -30"><span class='ocrx_word' id='word_1_213' title='bbox 248 4205 381 4296; x_wconf 73' lang='lat' dir='ltr'>altare,</span> <span class='ocrx_word' id='word_1_214' title='bbox 405 4212 507 4307; x_wconf 80' lang='lat' dir='ltr'>juxta</span> <span class='ocrx_word' id='word_1_215' title='bbox 537 4209 637 4309; x_wconf 90' lang='lat' dir='ltr'>quod</span> <span class='ocrx_word' id='word_1_216' title='bbox 660 4210 749 4282; x_wconf 85' lang='lat' dir='ltr'>sacri</span> <span class='ocrx_word' id='word_1_217' title='bbox 776 4212 980 4311; x_wconf 85' lang='lat' dir='ltr'>Martyrum</span> <span class='ocrx_word' id='word_1_218' title='bbox 1002 4211 1142 4287; x_wconf 79' lang='lat' dir='ltr'>cineret</span> <span class='ocrx_word' id='word_1_219' title='bbox 1169 4208 1310 4313; x_wconf 79' lang='lat' dir='ltr'>repositi</span> 
     </span>
    </p>
   </div>
   <div class='ocr_carea' id='block_1_5' title="bbox 0 0 1570 5302">
    <p class='ocr_par' dir='ltr' id='par_1_5' title="bbox 0 0 1570 5302">
     <span class='ocr_line' id='line_1_29' title="bbox 0 0 1570 5302; baseline 0 0"><span class='ocrx_word' id='word_1_220' title='bbox 0 0 1570 5302; x_wconf 95' lang='lat' dir='ltr'> </span> 
     </span>
    </p>
   </div>
  </div>
 </body>
</html>
