3090 5302
232 431 293 492 stt
457 432 641 493 HISTORIA
663 433 984 509 Tnanstmonts,
1007 456 1070 497 arc.

233 554 289 626 nit
307 552 392 624 illuc
409 552 524 652 pueila
540 552 702 652 quaedum
712 608 722 640 ,
742 579 869 642 curva,
888 556 1038 629 nomine
1053 553 1240 646 Bildrada,
1253 557 1296 632 de

233 671 316 743 villa
332 669 546 759 Boderetio,
569 698 651 773 quae
667 672 825 770 pertinet
842 670 885 744 ad
903 674 1165 747 monasterium
1180 674 1221 747 S.
1236 676 1298 751 Ve-

233 789 337 861 dasti.
353 788 443 882 Quae
460 815 542 863 cum
557 804 639 862 ante
653 804 865 863 memoratas
878 790 1094 865 Sanctorum
1107 790 1296 893 reliquias,

232 929 302 1002 pro
311 904 541 979 restitutione
558 905 679 976 salutis
695 931 768 978 suae
777 957 788 992 ,
807 905 1005 979 Dominum
1018 903 1204 980 Christum
1220 932 1300 1009 sup·

234 1019 376 1118 pliciter
391 1020 606 1112 invocasset,
620 1045 741 1093 coram
759 1018 929 1094 omnibus
944 1020 1007 1123 qui
1021 1020 1171 1095 aderaut
1183 1038 1299 1098 mesta

232 1152 308 1223 est,
338 1152 374 1209 et
399 1138 579 1237 integrum
609 1138 770 1235 corporis
795 1136 849 1209 sui
882 1151 1015 1211 statum
1045 1138 1085 1211 in
1111 1154 1300 1215 momento

235 1251 408 1351 temporis
423 1252 581 1351 recipere
601 1252 744 1325 meruit.

284 1721 345 1790 77.
372 1713 498 1789 Postea
523 1738 630 1800 vero,
657 1709 872 1787 duodecimo
895 1710 953 1787 die
977 1708 1213 1787 kalendarum
1237 1738 1303 1787 au·

234 1845 439 1933 gustuum,
461 1828 594 1904 femina
615 1825 800 1929 quaedam,
827 1828 976 1904 nomine
997 1828 1150 1920 Fddela,
1173 1829 1301 1905 anciila

237 1949 271 2021 S.
291 1945 464 2036 Amandi,
489 1945 534 2020 de
557 1944 642 2018 villa
663 1943 841 2020 Baeeroda
862 1960 1005 2035 vocata,
1029 1972 1113 2047 quae
1134 1945 1302 2046 plurimis

236 2064 341 2155 annis
353 2061 543 2137 oculorum
560 2061 696 2135 lumine
711 2062 862 2137 caruisse
877 2062 1077 2154 dicebatur,
1095 2062 1232 2139 ibidem
1249 2062 1304 2139 fe·

235 2183 354 2256 liciter
371 2205 478 2254 orans
491 2180 605 2251 visum
624 2180 772 2278 recepit.
792 2180 930 2256 Eodem
944 2180 1003 2256 die
1014 2208 1138 2257 servus
1153 2180 1302 2285 quidm

237 2302 273 2374 S.
288 2299 459 2388 Bavonia,
473 2294 672 2371 Eberaldus
682 2295 876 2388 vocabulo,
892 2298 938 2373 de
948 2298 1030 2373 vitta
1046 2298 1226 2389 Milliuio,
1238 2300 1301 2401 qui

237 2434 275 2494 et
287 2419 361 2519 ipse
372 2444 439 2517 per
450 2415 570 2516 plures
583 2440 697 2489 annos
711 2413 833 2489 lumen
847 2416 931 2490 eoeli
947 2441 1023 2491 nou
1038 2415 1148 2509 vidit,
1162 2416 1304 2491 cunctis

238 2536 302 2639 qui
319 2532 467 2609 aderant
479 2530 731 2622 cernentibus,
745 2532 870 2607 codem
886 2535 923 2608 in
937 2534 1020 2610 loco
1031 2534 1094 2609 diu
1106 2534 1302 2611 desidenta

239 2654 319 2727 luce
341 2651 495 2725 donatus
517 2663 584 2723 est.
610 2650 687 2749 Ipsa
710 2674 856 2751 quoque
876 2649 935 2724 die
958 2648 1039 2725 duae
1061 2650 1202 2741 vidua,
1220 2677 1304 2753 qum

237 2768 404 2873 plurimis
415 2768 519 2842 annis
532 2764 807 2855 caecaesuerant,
822 2765 955 2844 ibidem
968 2767 1301 2859 illuminatarum,

238 2913 393 2991 quarum
417 2885 528 2961 ultera
554 2883 702 2959 nomine
731 2883 927 2979 sstidwara,
952 2884 1101 2960 devilia
1125 2884 1300 2975 Aeeinio;

238 3006 349 3079 ultera
362 3000 531 3078 Rioberta
547 3015 689 3089 vocata,
708 3000 848 3075 devilia
862 3000 1076 3079 Vuenuiuio
1091 3000 1202 3078 tuisse
1217 3030 1303 3077 nar-

237 3134 353 3197 ratur.

288 3481 350 3553 78.
377 3474 513 3549 Deinde
535 3491 616 3575 post
636 3473 710 3550 dies
731 3475 858 3575 viginti
882 3474 1068 3577 quinque,
1096 3472 1134 3547 id
1158 3489 1237 3564 est,
1263 3474 1300 3545 in

236 3596 428 3675 festivitate
444 3592 708 3693 Assumptionis
725 3593 864 3667 Sanctae
882 3593 1026 3679 Mariae,
1047 3590 1181 3668 semina
1199 3617 1303 3693 qum-

237 3719 319 3793 dum
345 3710 522 3787 vocabulo
545 3710 797 3812 Angarihilda,
824 3712 868 3786 de
889 3711 970 3785 villa
995 3710 1152 3800 Goiaeo,
1179 3734 1303 3785 eoram

237 3835 344 3910 sacris
361 3832 564 3929 Martyrum
580 3828 760 3929 reliquiis,
781 3828 881 3902 omni
899 3826 1036 3928 populo
1054 3840 1248 3917 cernente,
1265 3840 1303 3901 et

238 3955 275 4028 id
304 3949 402 4055 quod
423 3963 591 4023 evenerat
615 3948 838 4039 admirante,
867 3948 915 4019 ita
946 3946 1130 4019 incurvata
1156 3960 1231 4035 eat,
1259 3959 1303 4018 ut

235 4071 380 4171 penitus
403 4093 440 4141 se
464 4064 507 4138 ad
533 4065 667 4139 coelum
691 4063 884 4139 videndum
906 4063 1043 4165 erigere
1066 4088 1141 4137 nou
1165 4076 1299 4163 posset.

235 4189 454 4287 Eademque,
471 4185 634 4287 sequenti
652 4184 722 4274 die,
740 4183 773 4256 id
789 4200 842 4259 est
854 4182 996 4257 decimo
1008 4180 1164 4281 septimo
1175 4176 1302 4255 linteu-
