3090 5302
579 397 774 460 srrssnmx
798 398 961 459 aL'rsstta.
1251 403 1309 460 159

237 525 285 589 A.
300 519 405 588 Gellii
416 525 558 587 noctium
572 524 778 588 Atticarum.
789 520 852 589 Sed
867 537 898 587 et
911 519 967 586 alii
980 518 1088 610 plures
1102 521 1135 585 in
1154 519 1308 612 praedicto

238 641 349 720 brevi,
365 662 467 729 quos,
486 639 513 705 si
534 638 623 705 Deus
640 637 728 729 apud
748 661 807 704 ros
821 638 904 705 mihi
925 638 1062 727 gratiam
1081 635 1224 719 dederit,
1242 638 1311 704 istis

237 757 390 836 remissis,
407 755 584 845 accipiens,
599 753 831 821 describendos
847 753 943 834 mihi,
962 752 1041 820 dum
1058 753 1114 819 hie
1128 776 1220 836 sam,
1237 756 1309 822 avi-

236 871 367 938 dissime
394 894 508 937 curere
541 871 652 960 cupio.
681 871 889 950 Exonerata,
916 893 1051 960 queso,
1079 869 1311 939 verecundiam

236 1012 358 1070 meam,
378 1012 450 1079 quae
474 985 621 1078 supplico
645 986 823 1067 facientes,
850 1009 966 1076 meque
990 987 1162 1054 rimantem
1186 1009 1311 1055 amaras

235 1104 416 1173 litterarum
434 1103 576 1185 radices,
587 1127 699 1171 earum
708 1103 778 1195 jam
791 1102 1039 1192 jucundissimis
1059 1102 1176 1194 expleti
1189 1102 1307 1173 lructi-

235 1220 319 1300 bus,
346 1219 404 1288 illo
432 1235 539 1287 restro
568 1217 805 1287 facundissimo
830 1218 961 1309 eloquio
993 1219 1147 1303 incitate,
1174 1244 1246 1310 quae
1282 1221 1309 1286 si

235 1361 409 1417 meruero,
435 1351 600 1407 tantorum
632 1336 869 1404 beneficiorum
893 1337 1019 1426 gratia,
1044 1335 1154 1426 quoad
1176 1337 1306 1419 vixero,

234 1477 362 1546 semper
379 1454 460 1520 mihi
487 1454 673 1522 habebitur.
692 1454 776 1521 Nam
801 1476 874 1544 quar
899 1476 957 1520 vos
984 1475 1100 1521 eorum
1126 1454 1242 1520 merito
1267 1455 1308 1521 sit

235 1573 454 1641 remuneratio
477 1586 627 1639 secutura
645 1595 712 1639 non
736 1593 818 1661 opus
837 1586 884 1638 est
907 1568 1028 1639 dicere.
1054 1567 1200 1637 Plurima
1224 1571 1308 1638 acri-

233 1687 341 1757 benda
360 1689 394 1757 iu
418 1686 481 1755 alia
499 1711 589 1754 mens
607 1687 782 1777 suggessit,
804 1685 861 1753 sed
877 1702 1019 1755 restrum
1036 1687 1206 1776 ingenium
1227 1687 1308 1758 meis

233 1807 364 1897 ineptiis
383 1805 469 1873 ultra
488 1804 648 1874 remorari
669 1811 735 1871 non
755 1803 876 1884 debui,
897 1802 988 1894 quod
1000 1804 1071 1882 ,scio
1091 1803 1142 1870 vel
1165 1806 1306 1871 exterio-

234 1922 324 1991 ribus
346 1935 544 2013 occupatum
566 1919 778 2001 utilitatibus,
799 1919 848 1987 vel
872 1922 960 1987 circa
980 1922 1112 1989 intimas
1130 1936 1162 1990 et
1182 1921 1308 1989 abditas

234 2038 449 2129 philosophia
468 2039 609 2109 rationes
627 2038 801 2106 intentum.

740 2225 788 2286 ΙΙ.

274 2359 581 2429 Desiderantissimo
600 2361 791 2454 preceptori
809 2357 977 2426 Einhardo
994 2360 1105 2451 Lupus
1117 2359 1308 2454 (tl-Mo-

233 2474 402 2543 lestissimo
431 2477 546 2543 nuntio
572 2474 612 2541 de
645 2497 776 2542 excessu
801 2473 994 2540 venerabilis
1018 2490 1129 2541 vestrae
1155 2476 1307 2566 conjugis

233 2605 458 2657 consternatus
466 2639 477 2670 ,
485 2591 658 2681 plusquam
668 2613 815 2680 unquam
823 2590 916 2655 vobis
926 2614 1014 2656 nunc
1024 2605 1170 2681 optarem
1182 2591 1305 2674 adesse,

232 2720 266 2773 ut
291 2720 431 2773 vestram
455 2705 640 2772 maestitiam
669 2703 720 2770 vel
745 2727 816 2770 mea
833 2704 1057 2794 compassione
1076 2705 1233 2788 levarem,
1255 2706 1306 2774 vel

232 2839 391 2916 concepto
403 2848 497 2893 sensu
512 2847 550 2891 ex
563 2821 682 2888 divinis
695 2819 847 2911 eloquiis,
861 2820 991 2888 assiduo
1005 2846 1153 2890 sermone
1168 2823 1303 2891 solarer.

233 2941 354 3008 Verum
370 2940 475 3009 donec
499 2939 534 3008 id
557 2940 646 3008 Deus
663 2951 790 3030 praestet
812 2961 878 3005 esse
892 2936 1064 3030 possibile,
1087 2963 1227 3030 suggero
1251 2955 1304 3023 ut,

232 3079 391 3124 memores
408 3056 559 3122 humanae
584 3053 801 3134 conditionis,
823 3077 922 3146 quam
945 3054 1061 3121 merito
1081 3057 1205 3148 peccati
1226 3080 1306 3122 con·

232 3174 409 3258 traximus,
422 3176 550 3246 modice
564 3177 790 3268 sapienterque
802 3174 914 3245 seratis
937 3175 1028 3269 quod
1041 3176 1171 3248 accidit.
1191 3179 1305 3270 Neque

233 3294 318 3362 enim
329 3293 409 3360 lruic
418 3291 600 3361 infortunio
613 3291 728 3360 cedere
740 3291 882 3373 debetis,
895 3294 953 3385 qui
965 3293 1189 3365 blandimenta
1201 3296 1305 3364 lenio·

234 3411 274 3475 ris
294 3409 437 3477 lortunae
458 3408 538 3476 lorti
553 3432 679 3501 semper
699 3408 809 3477 animo
829 3407 1003 3476 devicistis.
1024 3410 1178 3478 Invocato
1195 3415 1304 3503 itaque

234 3525 317 3607 Deo,
338 3548 427 3592 nunc
446 3523 518 3592 illas
534 3524 713 3595 tolerantie
730 3526 814 3592 vires
830 3528 1027 3618 expromite,
1045 3526 1086 3594 ad
1102 3551 1184 3622 quas
1201 3531 1303 3597 caris·

237 3643 352 3710 Qum
380 3640 560 3734 quemlibet
587 3665 663 3709 casu
695 3641 793 3711 simili
824 3641 1063 3733 deprehensum
1091 3640 1304 3737 probabiliter

239 3759 405 3828 vocaretis.
424 3759 512 3850 Opto
523 3782 581 3826 vos
595 3757 705 3828 valere.
715 3757 867 3829 feliciter.

1073 3945 1295 3965 m

273 4057 310 4127 (r)
326 4057 426 4129 Comp.
446 4067 519 4112 cette
542 4055 624 4112 lettre
636 4068 665 4112 et
682 4055 707 4111 la
722 4058 848 4112 salvante
865 4057 921 4112 ala
933 4068 1016 4112 nin·
1032 4057 1116 4112 lettre
1131 4045 1304 4132 d‘liginlrard

245 4164 284 4203 sur
296 4150 320 4204 le
332 4151 424 4206 meme
435 4152 516 4223 sajet.
531 4153 633 4220 Imma,
646 4171 674 4208 aa
687 4154 802 4220 ferorae,
820 4163 934 4210 mourut
948 4170 1010 4208 vers
1020 4150 1082 4209 836.
