3166 5280
281 425 339 485 128
600 417 795 484 Etttfltltol
818 422 1021 486 Ertsrotm.

277 543 536 627 transmisistis,
548 544 681 640 pariter
690 542 817 618 ablatae
827 560 926 633 sunt,
935 542 1163 646 quaeauobis
1174 543 1332 620 hactenus

276 658 380 731 nullo
396 658 506 733 modo
523 660 672 756 reperiri
695 676 854 758 possum
873 660 1104 761 Quapropter
1124 660 1216 761 ipsas
1237 687 1332 735 men-

275 802 373 847 suras
402 772 506 848 nobis
531 776 780 867 transmittite,
809 793 864 866 et,
895 793 1074 877 quautum
1096 776 1275 865 valemus,
1294 778 1331 852 de

275 906 395 966 vestro
420 891 567 964 servitio
595 889 779 965 elaborare
802 891 1022 967 curabimus.
1046 893 1174 969 Valere
1202 895 1239 967 in
1267 894 1331 967 llo·

274 1009 377 1082 mino
391 1023 544 1082 vestram
560 1006 819 1082 sublimitatem
836 1011 971 1110 jugiter
988 1012 1230 1111 exoptamus(
1254 1012 1283 1109 ).

555 1272 570 1302 *
586 1270 695 1333 LXXI.
717 1272 768 1332 AD
790 1269 1067 1333 ntofflattort.

322 1435 378 1532 (2)
391 1433 563 1527 Quamvis
572 1432 769 1505 certissime
777 1431 919 1505 credam
930 1432 1132 1532 piissimum
1139 1432 1330 1507 Dominum

271 1580 392 1626 meum
417 1578 557 1652 semper
581 1575 780 1624 memorem
807 1575 880 1624 esse
906 1567 1147 1650 patronorum
1169 1578 1328 1639 suorum,

268 1670 558 1744 beatissimorum
573 1666 705 1739 Christi
721 1652 945 1768 martyrum,
959 1668 1160 1742 Marcellini
1175 1683 1214 1742 et
1225 1668 1328 1753 Petri,

267 1787 345 1887 qui,
357 1786 501 1860 occulto
515 1785 577 1857 Dei
584 1783 735 1883 judicio,
749 1785 863 1857 Roma
873 1784 1014 1868 relicta,
1025 1781 1068 1856 ad
1080 1783 1329 1858 exaltationem

205 1952 209 1957 -
267 1924 303 1978 et
326 1905 593 2005 protectionem
611 1903 711 2003 regni
735 1901 865 1989 vestri,
885 1902 924 1973 in
946 1903 1133 1975 Franciam
1148 1902 1206 2001 (ὅ)
1226 1926 1329 1976 vene-

267 2035 373 2107 runt,
395 2036 450 2106 et,
472 2045 540 2118 pro
556 2044 626 2118 qua
643 2016 765 2090 nescio
780 2043 902 2104 causa,
921 2015 1015 2118 apud
1031 2045 1090 2091 me
1107 2032 1329 2117 peccatorem

267 2136 439 2236 hospitari
462 2135 598 2235 dignati
617 2149 722 2223 sunt,
744 2133 832 2206 mibi
860 2150 978 2209 tamen
1002 2160 1131 2235 magna
1155 2130 1330 2237 incumbit

267 2253 454 2326 necessitas
472 2266 514 2323 ut
534 2276 597 2324 vos
619 2250 663 2323 de
684 2251 796 2324 causis
816 2251 860 2323 ad
878 2277 1006 2325 eorum
1023 2251 1204 2327 honorem
1220 2249 1330 2351 perti·

265 2367 437 2444 nentibus
458 2366 589 2443 crebro
605 2394 878 2456 commoneam,
897 2394 944 2443 ne
961 2367 1057 2442 forte
1074 2360 1280 2470 periculum
1293 2392 1329 2441 ac

271 2568 285 2575 -
292 2568 348 2575 ...ι--
357 2564 662 2575 -α--ω-ψ-

297 2693 335 2763 (ι)
354 2691 420 2746 Post
431 2690 503 2745 hane
513 2689 658 2763 epistolam
669 2688 774 2763 legitur
785 2690 815 2744 in
827 2687 923 2744 codice
936 2706 1054 2744 axrtrcrr
1065 2706 1114 2745 oro
1126 2706 1238 2745 ουτω
1251 2704 1326 2745 aura.

261 2784 324 2855 Qua
337 2781 470 2849 formula,
484 2781 586 2837 litteris
594 2780 751 2854 majusculis
761 2789 880 2847 exarata,
891 2778 978 2835 libelli
986 2781 1140 2855 exscriptor
1151 2778 1328 2854 epistolarum

259 2869 395 2926 Einbardi
416 2870 512 2937 linem,
535 2888 597 2924 meo
618 2867 734 2944 quidem
754 2867 871 2941 judicio,
894 2866 1018 2925 indicare
1035 2866 1132 2924 voluit.
1152 2868 1195 2925 De
1212 2884 1328 2943 teque·

260 2960 334 3016 tibus
346 2976 411 3014 vero
425 2959 454 3012 in
466 2958 561 3013 codice
575 2957 711 3031 epistolis,
727 2974 774 3011 sex
789 2974 921 3024 numero,
935 2966 964 3012 et
980 2956 1009 3011 in
1022 2956 1114 3013 tribas
1126 2954 1217 3025 loliis,
1231 2955 1327 3013 eodem

259 3061 398 3123 tempore,
425 3048 578 3124 eademque
601 3067 632 3103 ac
658 3047 841 3122 precedentes
865 3066 964 3115 manu,
992 3050 1034 3104 oti
1053 3047 1174 3118 videtur,
1192 3048 1326 3114 eamus,

259 3155 336 3212 quas,
354 3137 395 3192 vel
410 3138 503 3210 potina
521 3135 661 3211 quidquid
672 3155 769 3192 earum
786 3136 879 3210 legere
891 3136 931 3191 las
942 3136 1013 3205 fuit,
1032 3135 1118 3206 inira,
1134 3136 1165 3191 iu
1175 3134 1327 3210 appendice

256 3229 347 3301 prima
365 3227 537 3295 recudimus,
560 3225 622 3281 vide
643 3245 659 3280 e
681 3227 796 3300 regione
814 3237 910 3281 notarn
932 3225 1059 3301 gallicam
1078 3236 1108 3282 et
1130 3224 1327 3300 prolegomen

258 3327 361 3372 nostra.

290 3410 330 3481 (a)
349 3408 426 3463 Hanc
438 3407 583 3481 epistolam
593 3407 728 3475 attendas,
740 3425 841 3483 queso,
852 3426 885 3464 ea
897 3409 990 3475 unico,
1001 3408 1100 3481 utjam
1109 3404 1233 3463 diximus
1241 3424 1270 3481 p.
1279 3404 1322 3472 56,

254 3520 283 3555 n.
302 3520 325 3568 ι,
336 3499 474 3573 deperditi
487 3499 630 3572 cujusdam
643 3498 746 3553 codicia
758 3499 825 3554 lolio
837 3500 961 3572 primum
970 3509 1089 3568 erutam,
1104 3514 1166 3573 quae
1176 3495 1258 3553 nobit
1269 3496 1324 3553 ele-

255 3591 413 3665 gantissime
426 3592 528 3664 scripta
540 3589 594 3644 visa
609 3589 670 3658 fuit,
682 3608 772 3665 oeque
781 3591 839 3644 sine
848 3589 968 3665 quadam
982 3608 1044 3646 sera
1054 3588 1224 3665 eloquentia,
1239 3588 1324 3643 immo

252 3685 282 3740 in
298 3703 352 3759 qua
368 3681 454 3749 nibil,
469 3679 546 3756 quod
563 3679 598 3734 ad
614 3682 820 3753 grammaticam
833 3681 942 3749 attinet,
956 3680 1144 3756 delinquitnr;
1156 3689 1203 3747 ut,
1219 3675 1324 3755 siquid

251 3775 352 3848 passim
365 3773 444 3829 uobis
457 3770 663 3826 immutandum
673 3790 731 3827 esse
743 3772 833 3825 visum
846 3771 936 3827 estad
949 3789 1098 3847 perpaucas
1110 3790 1191 3828 voces
1200 3771 1237 3827 ad
1248 3786 1323 3844 pm

249 3863 395 3920 latinitatis
408 3860 638 3935 orthographiam
651 3859 837 3928 seducendas,
853 3862 908 3917 hoc
920 3862 978 3919 lere
994 3861 1098 3917 nullius
1116 3861 1253 3919 momenti
1265 3876 1321 3917 etse

250 3955 411 4012 dixerimus.

284 4044 323 4117 (5)
342 4044 374 4099 ld
384 4054 427 4100 est
438 4044 467 4097 in
477 4041 622 4098 Franciam
631 4040 809 4109 orientalem,
818 4051 895 4096 trans
903 4041 1050 4107 Rhenum
1061 4039 1097 4095 de
1109 4040 1225 4115 regione
1235 4056 1321 4115 quam

248 4133 420 4200 Einlrardua,
434 4143 464 4188 st
476 4131 602 4204 ejusdem
614 4131 661 4185 aevi
673 4130 837 4205 scriptores,
850 4131 902 4187 sub
915 4132 968 4186 hoc
978 4130 1091 4185 nomine
1105 4129 1229 4185 Francia
1245 4128 1320 4185 deai-

250 4240 335 4295 gnare
348 4221 452 4287 solent,
467 4219 567 4275 videsis
577 4220 606 4274 in
620 4219 708 4293 priori
722 4217 899 4294 voluminep.
916 4216 982 4287 243,
997 4236 1026 4273 a.
1039 4232 1065 4271 a.
