3166 5280
250 328 312 390 352
480 321 665 385 HISTORIA
686 316 1005 392 maminotus,
1025 334 1090 379 arc.

249 474 333 523 rum
347 445 508 548 reliquiis
515 498 528 535 ,
543 459 579 518 et
592 440 755 515 auditum
769 439 904 540 pariter
915 454 954 513 et
964 436 1149 539 loquelam
1162 458 1226 535 par
1235 435 1298 507 vir·

252 581 365 640 tutem
377 562 510 637 Christi
527 559 675 659 recepit.

300 802 361 875 83.
388 798 525 874 Eodem
538 821 685 899 quoque
703 795 762 869 die
780 793 898 894 puella
916 789 1108 894 quadam,
1126 788 1174 864 de
1186 785 1305 861 familia

252 917 291 989 S.
325 915 526 1005 lamberti,
559 916 709 991 nomine
736 911 944 1000 Adalliuda,
977 934 1061 1014 quae
1091 932 1172 984 uon
1204 903 1307 977 solum

252 1032 358 1105 surda
377 1047 414 1106 et
430 1047 551 1119 muta,
571 1032 632 1107 sed
648 1034 757 1107 etiam
773 1058 887 1121 eoeca,
905 1042 1056 1130 totoque
1071 1046 1231 1125 eorpore
1247 1034 1310 1093 tam

253 1147 446 1223 miserabili
463 1148 573 1224 modo
589 1176 632 1223 ex
647 1177 843 1226 nervorum
859 1146 1112 1223 contractione
1129 1154 1212 1219 erat
1222 1162 1311 1213 oom-

252 1267 400 1366 plicata,
425 1283 465 1339 ut
492 1292 607 1369 genua
636 1269 775 1369 pectori
794 1272 1050 1369 jungerentur,
1076 1266 1183 1364 juxta
1209 1282 1312 1335 sacras

253 1386 460 1486 Martyrum
472 1386 639 1486 reliquias
651 1412 671 1458 a
681 1386 754 1460 suis
762 1385 897 1487 posita,
911 1398 948 1460 et
959 1383 1076 1457 visum
1086 1394 1125 1456 et
1141 1374 1312 1463 auditum,

253 1499 434 1601 loquelam
462 1500 569 1573 etiam
595 1501 834 1602 omniumque
857 1494 1108 1574 membrorum
1129 1488 1314 1569 reatitudi-

253 1642 336 1691 nem
350 1642 391 1689 ac
407 1616 580 1707 salutem,
599 1643 722 1692 eoram
738 1615 928 1709 omnibus,
946 1614 1010 1717 qui
1029 1612 1203 1700 aderunt,
1216 1606 1314 1683 min·

252 1732 319 1807 bili
331 1734 526 1825 celeritate,
544 1732 670 1809 divino
683 1760 850 1824 munere,
862 1744 1052 1807 consecuta
1064 1742 1133 1803 eat.
1146 1722 1315 1801 Postridie

253 1876 363 1939 vero,
381 1850 418 1922 id
428 1865 502 1940 est,
516 1850 648 1951 quinto
667 1849 745 1922 idus
752 1848 847 1949 junii
857 1901 870 1942 ,
886 1846 1032 1950 quidam
1045 1868 1174 1921 servus
1185 1840 1313 1943 regius,

256 1968 406 2041 nomine
418 1966 645 2057 berohadus,
662 1966 809 2042 devilia
827 1964 1035 2057 cresciaco,
1052 1963 1092 2037 in
1108 1957 1315 2036 dextemd

255 2084 419 2183 corporis
441 2100 542 2183 parte
559 2111 624 2184 per
652 2100 771 2159 totum
788 2110 832 2159 ex
855 2108 1053 2159 nervorum
1071 2076 1317 2155 contractione

255 2198 460 2274 debilitatus
490 2215 527 2273 et
553 2200 691 2274 inutilis
719 2200 857 2291 factus,
888 2227 973 2275 cum
1001 2213 1085 2275 ante
1107 2208 1317 2273 memorata

256 2316 473 2390 Sanctorum
492 2315 660 2419 reliquias
673 2317 846 2408 venisset,
865 2318 986 2390 statim
1004 2330 1167 2404 erectus,
1184 2326 1226 2387 et
1236 2308 1318 2387 saui-

258 2432 322 2504 tati
338 2458 447 2533 quam
465 2433 686 2508 desiderabat
707 2435 785 2510 sine
801 2461 904 2511 mora
921 2450 976 2509 ast
996 2432 1173 2509 redditus.
1191 2426 1318 2505 Simili·

259 2567 315 2625 ter
329 2565 367 2623 et
381 2550 498 2650 puella
509 2551 674 2653 quaedam
690 2550 735 2626 de
751 2554 831 2653 ipso
843 2553 924 2627 vico
937 2552 1128 2654 TraJeeto,
1147 2544 1319 2625 vocabalo

258 2664 485 2740 Theothildis
493 2721 506 2760 ,
524 2670 624 2767 cujus
641 2670 787 2743 dextera
801 2696 927 2743 manua
941 2683 1018 2745 erat
1032 2668 1144 2743 simili
1158 2680 1319 2743 ooutruo·

259 2786 359 2860 tione
376 2786 414 2859 in
432 2800 573 2860 tantum
592 2786 802 2887 complicata
817 2804 925 2890 atque
941 2786 1114 2877 distorta,
1129 2798 1175 2859 ut
1187 2782 1235 2859 ud
1248 2806 1320 2859 om-

261 2927 345 2976 nem
360 2926 467 2975 usum
479 2917 570 2977 esset
586 2903 739 2993 inutilis,
755 2902 846 2995 boec,
861 2903 983 2979 eadem
994 2902 1074 2994 die,
1087 2916 1178 2981 ante
1190 2902 1320 2983 easdem

260 3019 477 3091 Sanctorum
492 3017 685 3119 reliquias,
705 3019 784 3119 pari
801 3019 913 3097 modo
929 3034 1051 3095 curata
1066 3036 1136 3095 est.

310 3371 371 3445 84.
400 3370 540 3466 Quibus
557 3374 660 3466 risis,
679 3376 835 3476 populus
853 3377 891 3450 in
908 3374 1052 3450 basilica
1067 3376 1322 3477 oougre'gatm·

262 3488 389 3587 coepit,
403 3515 481 3589 prae
490 3491 600 3565 nimia
613 3493 835 3569 exultatione
849 3508 958 3595 atque
969 3492 1093 3569 laetitia
1101 3546 1114 3583 ,
1130 3492 1172 3567 iu
1184 3488 1326 3595 bymuis

263 3617 300 3675 et
318 3601 471 3694 litaniis,
489 3605 639 3682 sublatis
661 3610 699 3684 in
715 3609 829 3684 altum
847 3608 1014 3702 vocibus,
1032 3608 1154 3685 laudes
1172 3608 1327 3685 Domino

263 3719 460 3796 decantare.
483 3724 576 3796 Cum
596 3724 718 3801 subito
735 3727 886 3801 intravit
907 3752 998 3828 puer
1012 3724 1163 3829 quidam
1178 3722 1326 3811 surdus,

264 3854 371 3939 atque
386 3839 424 3912 in
437 3842 550 3917 media
565 3842 680 3943 plebis
697 3844 932 3919 multitudine
946 3842 1168 3945 stupefactus
1185 3858 1224 3919 et
1237 3854 1330 3917 atto·

266 3954 345 4027 nito
354 3956 480 4030 similis
491 3960 668 4034 constitit.
682 3960 735 4034 Ac
744 3960 874 4037 deinde
882 4016 894 4051 ,
907 3986 990 4035 cum
1001 3961 1211 4037 antealtare
1218 3958 1330 4036 nauti

265 4071 469 4165 salvatoris,
485 4078 585 4176 quod
603 4078 640 4151 iu
655 4078 768 4153 media
786 4079 930 4154 ecelesia
946 4078 1107 4179 positum
1121 4094 1198 4169 eat,
1212 4100 1333 4181 parve·
