3166 5280
254 325 293 387 48
576 318 770 385 Ettritum
791 321 997 386 EPISTOLAE.

253 442 344 516 illud
356 440 456 544 quod
477 440 662 518 Vitruvius
680 442 848 516 nominat
870 439 1185 545 scenographiam,
1203 444 1319 522 inter-

253 588 340 662 roga
377 558 467 661 quid
498 559 546 631 sit
582 559 683 660 quod
716 558 888 661 Virgilius
912 562 950 633 in
976 562 1027 633 111
1056 559 1320 665 Georgicorum

253 677 350 753 libro
369 678 424 778 (i)
441 702 583 749 scenam
600 692 716 751 vocat.
737 676 834 751 Dicit
851 676 949 750 enim
968 707 978 749 ε

395 865 401 877 .
424 862 430 875 .
452 862 461 877 .
482 860 489 875 .
512 820 591 895 [lam
607 839 683 876 nnnc
696 820 832 876 solemnes
845 820 947 878 ducere
959 823 1089 898 pompas]

392 907 437 964 Ad
449 907 565 965 delubra
574 909 668 983 juvat,
683 926 819 983 cesosque
828 908 922 965 videre
931 909 1080 983 juvencos,

392 999 447 1058 Vel
461 1017 542 1056 scena
552 1010 585 1055 nt
597 1001 683 1055 versis
695 998 820 1055 discedat
832 999 988 1068 frontibus,
1000 1010 1088 1076 utque

394 1089 539 1163 Purpurea
551 1088 651 1144 intexti
663 1087 763 1144 tollant
774 1086 852 1144 aulea
864 1088 1004 1145 Britanni.

1155 1170 1239 1234 Vule.

535 1321 650 1388 xxxi.
674 1327 725 1388 ΔΙ)
746 1325 783 1387 N.
807 1325 1039 1388 EPISCOPUM.

302 1491 595 1567 Dominosancto
605 1489 1325 1593 etmeritovenerabilill.episcopc,liin·

255 1610 386 1686 hardus
400 1610 656 1710 sempiternam
673 1608 711 1682 in
727 1609 888 1684 Domino
906 1609 1071 1685 salutem.
1088 1651 1139 1669 -
1153 1607 1325 1703 Quamvis

253 1752 314 1801 me
326 1725 484 1798 multum
499 1725 693 1800 contristet
710 1723 812 1823 quod
830 1740 884 1815 te,
901 1725 1142 1800 amantissime
1152 1724 1322 1816 Domine,

255 1869 321 1943 per
341 1841 477 1914 litteras
496 1841 553 1938 (2)
563 1893 575 1927 ,
601 1841 640 1911 in
665 1836 735 1913 hoo
756 1838 1010 1916 molestissimo
1032 1839 1196 1942 corporis
1215 1840 1325 1916 vestri

256 1954 379 2031 labore
399 1955 561 2054 positum
578 1951 704 2042 andi03
727 1967 845 2027 tamen
859 1968 936 2062 ngat
951 1955 1142 2028 minimam
1155 1954 1260 2055 capio
1269 1953 1325 2055 (ὃ)

256 2070 542 2146 consolationem
551 2121 562 2158 ,
583 2067 684 2170 quod
699 2068 797 2141 hunc
812 2057 975 2143 lahorem
991 2067 1057 2143 tibi
1076 2068 1273 2171 proficere,
1290 2084 1327 2146 et

256 2186 301 2261 ad
322 2185 575 2287 purgationem
594 2185 726 2258 animae
744 2186 926 2285 pertinere
947 2213 1023 2262 non
1042 2193 1188 2289 ignoro.
1209 2187 1329 2262 Credo

256 2305 354 2379 enim
371 2300 468 2404 quod
492 2299 573 2376 ideo
594 2317 630 2376 te
646 2299 769 2375 divina
785 2302 1030 2377 misericordia
1047 2304 1186 2378 tamdiu
1201 2304 1240 2378 in
1259 2303 1329 2380 hoc

255 2420 389 2497 morbo
402 2419 581 2520 corporali
595 2421 765 2493 macerari
777 2422 979 2521 permittat,
994 2422 1094 2523 quod
1105 2439 1155 2516 te,
1167 2422 1238 2498 hcc
1250 2449 1329 2499 cor·

255 2568 346 2642 pore
363 2541 594 2642 migrantem,
610 2538 839 2614 emendatum
853 2542 1016 2642 recipiat.
1032 2541 1085 2616 De
1102 2540 1329 2617 orationibus

256 2683 343 2732 vero
353 2653 654 2758 protefaciendis,
666 2672 801 2730 certam
809 2656 904 2732 facio
913 2659 1097 2733 caritatem
1108 2672 1207 2732 tuam
1216 2657 1328 2760 qtrod,

255 2779 492 2877 inquantum
513 2772 603 2849 mihi
625 2773 720 2850 Deus
736 2776 830 2850 vires
851 2790 888 2850 et
909 2774 1184 2877 possibilitatem
1200 2803 1330 2854 conce·

256 2894 341 2969 dere
353 2894 521 2995 dignatus
532 2893 644 2968 luerit
654 2893 727 2993 (4),
737 2919 803 2994 per
813 2919 887 2982 eos,
899 2920 991 2995 quos
1003 2893 1187 2970 auditione
1198 2892 1329 2997 dignos

258 3012 438 3086 aestimare
454 3037 622 3110 possum
639 3027 777 3084 certare
795 3008 949 3100 curabo,
967 3011 1272 3112 quemadmodum
1291 3028 1330 3087 et

260 3144 295 3201 te
312 3153 394 3229 erga
413 3153 529 3201 meam
553 3125 886 3227 pusillanimitatem
907 3127 1074 3203 fiduciam
1095 3128 1227 3206 habere
1241 3155 1330 3232 cog·

258 3267 384 3317 nosco.
404 3242 457 3316 De
473 3241 715 3344 recuperanda
731 3244 895 3344 corporis
911 3243 1025 3318 saline
1042 3244 1126 3321 licet
1141 3271 1329 3347 nunquam

257 3359 306 3432 sit
317 3356 601 3460 desperandum,
619 3357 702 3458 quia
719 3374 848 3458 potens
861 3373 915 3432 est
926 3359 1021 3435 Deus
1033 3359 1079 3436 de
1093 3375 1255 3437 creatura
1267 3386 1330 3434 sue

259 3476 375 3552 lacere
398 3475 578 3577 quidquid
600 3474 779 3570 voluerit,
805 3492 924 3551 tamen
952 3478 1081 3554 melius
1103 3493 1158 3555 cst
1182 3479 1331 3553 unicui-

296 3746 336 3816 (ι)
354 3742 426 3801 cod.
440 3741 536 3798 libans.

293 3835 334 3906 (a)
351 3832 416 3888 llec
431 3849 483 3888 vox
500 3831 532 3887 in
550 3829 633 3886 editis
650 3829 834 3903 desideratur,
849 3842 879 3888 et
895 3832 1126 3909 reliquerimus,
1146 3835 1332 3910 interpunctis

260 3923 331 3978 male
344 3921 505 3989 distinctus,
520 3919 642 3995 intelligi
655 3938 712 3976 non
724 3931 825 3996 potest.

294 4009 336 4084 (ὅ)
353 4012 424 4069 Cod.
439 4014 532 4085 capie,·
545 4009 613 4067 edit.
627 4029 736 4084 capere.

182 4162 185 4167 ,
295 4103 334 4172 (l)
351 4099 423 4157 (lod.
439 4101 574 4175 dignatus
588 4121 650 4156 sum
653 4100 758 4173 suerit.
