3166 5280
554 507 796 572 uincuntur
812 508 860 569 ΕΤ
877 507 1002 569 PETRI.

252 646 325 713 Una
340 644 425 710 dicta
439 656 485 710 est
499 642 643 717 Lucilla,
660 642 870 732 Firminaque
884 639 1000 721 altera,

251 762 368 828 Veram
383 760 472 852 puris
486 759 656 825 retinentes
667 758 789 825 Christi
803 755 901 823 fidem
917 754 1089 839 cordibus,

252 876 336 969 Quae
352 876 540 967 propinque
554 888 603 941 ter
619 873 705 941 beati
717 873 866 962 martyris
879 871 1040 953 Tiburtii,

252 990 304 1058 Ad
321 990 406 1058 iliius
419 1003 657 1057 sacrosanctum
671 987 845 1056 assidentes
858 986 1039 1069 tumulum,

251 1108 321 1173 Deo
337 1121 442 1195 gratas
456 1104 620 1196 vigilando
636 1102 798 1172 ducebant
810 1103 972 1173 excubias.

252 1221 383 1314 Quibus
398 1224 481 1313 ipse,
498 1246 572 1289 cum
590 1222 689 1290 beatis
703 1236 802 1291 semet
817 1221 1062 1300 comitantibus,

251 1339 442 1407 Marcellino
460 1356 555 1431 atque
569 1342 683 1421 Petro,
700 1338 865 1408 manifeste
880 1339 990 1408 rutuiit

252 1456 314 1522 Per
329 1479 495 1547 soporem,
512 1456 572 1522 ubi
586 1480 674 1522 saera
688 1456 863 1545 jacuissent
877 1478 1015 1547 corpora

252 1572 437 1639 Eorundem
456 1571 650 1652 electorum,
670 1586 767 1662 atqua
781 1569 877 1638 simul
892 1569 1044 1636 admonet

252 1690 297 1756 Ut
311 1704 422 1755 euntes
438 1689 556 1779 absque
571 1712 681 1769 mora,
701 1687 756 1755 iiia
772 1690 878 1755 statim
894 1686 1061 1765 auferant,

252 1806 291 1871 Et
308 1806 340 1872 in
358 1821 467 1895 crypta
482 1829 575 1871 suum
591 1829 690 1897 prope
710 1821 823 1872 curent
840 1829 957 1896 corpus
975 1827 1106 1895 ponere.

252 1918 337 2010 Quae
353 1921 517 2011 preceptis
533 1920 758 2015 obsequentes,
775 1921 909 2009 Nigrum
924 1918 1036 1986 silvam
1055 1919 1191 1995 adeunt,

252 2034 465 2126 Sublatosque
483 2037 648 2104 beatorum
664 2036 739 2104 inde
753 2051 881 2128 portant
895 2037 1034 2119 cineres,

252 2154 293 2217 Et
308 2153 340 2217 in
357 2177 451 2243 specu
472 2152 685 2244 deponentes,
701 2153 791 2242 jusso
812 2151 884 2219 ioco
903 2150 1075 2218 tumulant.

253 2266 345 2358 Quas
362 2266 402 2333 ad
419 2271 474 2334 ista
493 2267 674 2361 peragenda
691 2267 850 2357 adjuvisse
863 2266 1067 2355 (1)reierunt

252 2381 343 2448 Duos
358 2383 514 2472 quosdam
532 2381 571 2449 de
587 2398 716 2451 sacratas
733 2382 815 2449 sedis
830 2382 1011 2473 apostolica

253 2496 403 2577 clericis,
421 2520 501 2586 quos
518 2496 599 2563 ordo
616 2520 704 2563 sacer
721 2498 867 2564 nominat
883 2496 1073 2585 acolythos(
1095 2499 1120 2579 ).

301 2623 354 2679 15.
379 2614 455 2682 Haec
471 2628 506 2680 ut
521 2628 608 2704 gesta
624 2612 821 2694 reseruntur,
841 2612 984 2680 retulisse
1000 2626 1143 2678 asserunt

253 2730 348 2798 Illum
366 2734 487 2823 ipsum,
505 2733 561 2822 qni
577 2731 702 2800 eosdem
720 2731 881 2799 interemit
892 2744 1063 2819 martyres,

253 2846 294 2912 Et
307 2845 348 2912 ab
363 2846 420 2912 iilo
436 2844 583 2912 didicisse
594 2847 769 2911 Damasum
785 2843 989 2937 pontificem,

254 2962 355 3044 Cum,
372 2978 462 3031 aetate
478 2962 612 3053 puerili,
634 2986 690 3053 per
705 2960 815 3029 eadem
829 2977 991 3053 tempora,

254 3077 323 3145 Sub
336 3080 488 3167 magistro
503 3079 717 3159 ministraret,
732 3076 818 3144 etad
833 3101 986 3168 magnum
1000 3092 1154 3146 cresceret

253 3198 375 3263 Rerum
392 3194 537 3275 culmen,
555 3211 633 3263 tune
647 3196 793 3261 Romana
809 3193 910 3261 lector
924 3196 956 3260 in
973 3195 1124 3279 ecclesia,

254 3310 329 3376 Post
345 3309 412 3376 hacc
427 3324 542 3376 cuncta
561 3332 771 3391 memorasse,
788 3333 826 3376 ac
841 3308 1006 3377 mandasse
1027 3310 1158 3391 litteris,

255 3426 337 3493 Cum
354 3426 441 3492 illius
456 3424 547 3493 alma
562 3427 644 3493 sedis
657 3427 818 3495 obtineret
833 3429 881 3516 (3)
903 3430 1042 3519 apicem,

255 3543 295 3608 Et
308 3544 340 3608 in
358 3558 423 3609 tota
438 3543 618 3633 principatu
634 3542 769 3635 polleret
784 3542 929 3611 ecclesia.

255 3659 312 3726 ltte
327 3676 451 3741 autem,
467 3660 525 3750 qni
539 3658 647 3726 beatos
662 3676 816 3750 martyres
832 3678 1042 3752 percusserat,

255 3778 438 3844 Dorotheus
451 3792 685 3865 cognomento,
704 3800 760 3868 per
776 3777 918 3844 divinam
935 3780 1070 3869 gratiam

292 4093 332 4159 (s)
349 4088 418 4143 Cod.
433 4086 591 4160 adjuvasse.

291 4188 330 4256 (a)
347 4184 417 4241 cod.
432 4184 555 4238 acolitos.

292 4281 331 4351 (3)
349 4280 418 4337 Cod.
433 4284 575 4352 optineret.
