3166 5280
251 443 292 503 66
577 442 770 505 Bruttium
793 444 999 508 EPISTOLAE.

253 583 355 632 mero
381 586 437 632 cc.
463 559 628 633 Misimus
655 562 712 659 (1)
745 560 812 635 tibi
848 590 914 664 per
941 563 1038 639 huuc
1066 565 1254 643 homiuem
1280 571 1324 647 de

253 678 388 751 semine
408 675 542 776 lapathi
568 678 647 777 (2),
671 676 772 780 quod
793 679 961 754 volumus
983 697 1026 754 ut
1053 682 1090 757 iu
1116 684 1219 785 largo
1241 684 1326 763 loco

252 795 418 869 seminari
436 794 544 868 facias
562 826 570 867 ε
587 823 669 897 quoe
680 797 772 871 solet
786 799 825 871 in
838 823 1005 898 magnam
1021 799 1172 875 herbam
1180 828 1324 879 erm-es-

252 936 346 985 cere.
361 910 459 985 Beue
475 912 601 986 valete.

271 1264 415 1327 XXXIX.
438 1268 488 1326 ΑΙ)
511 1265 783 1341 EMEliiTANOS,
805 1268 847 1328 tu
869 1267 1040 1331 PERSONA
1061 1270 1305 1333 ntunowlct

648 1368 926 1433 lMPEutronts.

301 1533 344 1605 ln
371 1532 521 1605 nomine
545 1530 697 1604 Domini
723 1530 788 1604 Dei
820 1548 857 1605 et
879 1532 1073 1606 salvatoris
1098 1534 1216 1608 nostri
1242 1534 1327 1608 Jesn

251 1647 400 1735 Christi,
415 1648 463 1722 N.
480 1647 526 1747 [i.
541 1673 576 1721 e·
589 1646 854 1747 Hludowicus],
868 1646 990 1722 divina
1001 1647 1196 1725 ordinante
1207 1648 1328 1750 provi·

251 1764 392 1853 duritia,
412 1764 610 1862 imperator
626 1778 815 1864 augustus,
839 1761 1010 1838 omnibus
1034 1763 1272 1865 primatibus,
1289 1778 1328 1839 et

252 1897 387 1955 cuncto
403 1881 542 1981 populo
556 1881 769 1954 Emeritano
786 1882 844 1981 (3)
862 1880 900 1954 iu
917 1880 1077 1955 Domino
1095 1879 1264 1956 sulutem.
1277 1920 1328 1941 -

252 1998 467 2072 Audivimus
478 1996 752 2071 tribulationem
769 2013 945 2087 restrum,
963 2014 1002 2073 ct
1014 1997 1250 2073 multimodus
1263 2024 1328 2073 uu·

253 2117 409 2219 gnstias,
431 2142 519 2217 quas
542 2115 710 2215 patimini
732 2142 797 2215 per
820 2115 1071 2191 crudelitatem
1093 2116 1188 2217 regis
1210 2112 1329 2189 Abdi-

255 2232 425 2323 rhuman,
455 2234 627 2335 quivos,
657 2258 723 2332 per
754 2233 902 2306 nimiam
934 2232 1170 2333 cupiditatem
1200 2258 1329 2307 rernm

254 2368 473 2439 vestrarum,
493 2376 581 2452 quas
598 2349 701 2425 vobis
718 2348 861 2423 anferre
878 2367 1029 2426 conotus
1040 2366 1115 2441 est,
1133 2350 1329 2453 sepissime

254 2470 434 2545 violenter
444 2468 636 2570 oppressit.
652 2468 754 2541 Sient
766 2483 803 2542 et
816 2484 955 2566 patrem
967 2472 1043 2569 ejus
1055 2466 1330 2543 Ahotazfeeiue

254 2588 520 2688 comperimus,
545 2588 609 2688 qui
629 2586 772 2688 injustis
789 2587 1141 2689 superpositionibus
1156 2612 1327 2676 consum,

255 2710 355 2807 cujus
369 2706 554 2781 debitores
570 2732 647 2780 non
670 2705 800 2799 eratis,
822 2704 890 2779 sibi
914 2705 1054 2781 solvere
1071 2706 1126 2804 (4)
1150 2702 1328 2807 eugebet,

254 2840 291 2899 et
311 2840 462 2925 propter
477 2824 548 2898 hoc
559 2823 603 2897 de
619 2823 743 2895 amicis
761 2824 947 2917 inimicos,
960 2839 998 2896 et
1012 2820 1058 2897 de
1073 2818 1331 2897 obedientibus

254 2941 322 3015 sibi
348 2944 550 3016 contrarios
566 2957 674 3043 utque
692 2939 959 3030 inobedientes,
979 2940 1165 3031 effecerat,
1189 2942 1275 3042 quia
1291 2956 1331 3015 et

254 3057 460 3130 libertatem
476 3055 580 3130 vobis
609 3056 758 3145 toliere,
783 3072 821 3130 et
843 3057 986 3155 injustis
1001 3054 1168 3131 censibus
1191 3082 1235 3129 ao
1257 3054 1331 3129 tri-

255 3172 353 3246 butis
380 3197 444 3245 ros
471 3196 622 3244 onerare
648 3173 705 3272 (5)
732 3188 840 3275 atque
864 3171 1056 3247 humiliare
1079 3170 1231 3246 molitus
1257 3184 1326 3245 est.

258 3288 347 3378 Sed,
373 3306 415 3362 ut
439 3288 663 3379 audivimus,
690 3317 753 3365 vos
777 3318 936 3392 semper,
965 3292 1059 3364 sicut
1086 3288 1157 3363 viri
1190 3289 1327 3377 fortes,

292 3608 332 3677 (ι)
348 3601 420 3660 Cod.
434 3606 583 3658 intumi.

291 3698 332 3767 (α)
351 3692 620 3766 Cod.t1pitu,·edie
635 3696 787 3768 bpiiri.....
803 3700 861 3771 qni.

292 3783 332 3857 (3)
348 3784 403 3839 Hic
418 3782 452 3836 D.
463 3785 604 3857 Bouquet,
618 3784 670 3853 VI,
681 3782 748 3861 379,
762 3805 789 3841 n.
803 3806 830 3853 a,
845 3785 951 3842 Coiutii
962 3786 972 3858 (
982 3784 1016 3839 ad
1028 3804 1095 3839 ann.
1106 3782 1170 3853 826,
1183 3802 1263 3842 num.
1274 3782 1331 3861 37)

258 3873 425 3931 seutentiam
438 3884 559 3943 uentus,
575 3891 626 3947 pro
636 3876 740 3947 populo
756 3876 923 3931 Emeriwm
940 3873 1091 3949 legendum
1102 3882 1212 3943 emat,
1224 3874 1331 3947 populo

261 3968 527 4037 Coesaruugnstauo.
546 3963 632 4035 Quod
642 3964 850 4023 admittendum
863 3983 920 4022 non
932 3965 1109 4039 putavimun
1126 3982 1184 4041 qna
1201 3964 1332 4023 nuens?

259 4052 326 4109 tid.
337 4072 353 4107 e
366 4063 463 4109 contra
474 4062 570 4108 uotam
584 4052 721 4127 gallicam.

294 4146 335 4210 (4)
352 4142 424 4199 Cod.
435 4146 557 4199 vobere.

295 4231 335 4304 (5)
352 4232 421 4287 Coti.
434 4234 579 4289 bonorare.
