3090 5302
234 435 292 498 tta
557 432 748 494 multtum
772 431 977 494 EPIS'POLAE.

374 675 470 740 LXIX
488 685 541 756 (ι).
565 679 616 738 tn
639 679 682 742 M.
707 678 932 741 ltttJSTREM
954 680 1157 742 DOMINUM.

604 840 638 894 In
650 857 768 913 persona
782 839 831 894 W.
846 848 875 894 et
887 838 926 895 G.

278 1000 433 1073 {ilustris
448 999 635 1100 dignitatis
653 1002 773 1073 virum
795 1017 904 1102 atque
924 1000 1163 1075 nobilissimae
1185 998 1287 1073 subb-

231 1118 368 1191 unitatis
377 1115 569 1192 dominum
582 1119 629 1191 M.
635 1172 645 1206 ,
660 1120 726 1192 W.
738 1134 775 1193 et
783 1118 828 1191 G.
845 1120 918 1219 (a),
933 1116 1129 1193 fideiissimi
1141 1144 1183 1192 ac
1195 1118 1290 1192 deta·

231 1233 379 1321 tissimi,
397 1250 598 1336 vestraeque
614 1235 653 1309 iu
673 1232 841 1309 omnibus
854 1234 1076 1309 excellentiae
1089 1233 1290 1336 paratissimi

231 1349 380 1440 famuli,
397 1348 493 1425 fideli
508 1367 544 1426 et
555 1350 707 1452 optabili
723 1352 950 1454 aggredimur
965 1350 1293 1430 servitio-Maxi·

231 1495 308 1541 mas
330 1485 386 1558 et,
417 1471 446 1542 si
476 1469 553 1545 fieri
579 1487 699 1571 posset
727 1470 822 1543 ultra
848 1471 941 1545 vires
967 1472 1044 1570 (5),
1072 1468 1295 1544 sublimitatis

232 1601 361 1660 vestrae
392 1585 593 1661 celsitudini
624 1588 813 1662 referimus
848 1603 987 1689 grates,
1019 1587 1140 1689 quod,
1167 1600 1296 1664 nouum

232 1702 401 1801 petitioni
439 1728 620 1778 assensum
661 1704 888 1805 prebentes,
932 1702 977 1777 ad
1011 1703 1180 1779 effectum
1220 1728 1298 1803 per·

232 1820 384 1893 duxistis
412 1820 457 1895 de
476 1821 608 1920 capella
634 1823 671 1894 in
697 1821 780 1894 vilia
803 1823 909 1895 lensi
932 1821 1142 1896 constituta.
1166 1820 1298 1893 Tamen

233 1937 360 2011 missus
382 1952 499 2013 vester
519 1940 565 2013 R.
592 1940 674 2038 (4),
700 1940 764 2042 qui
787 1964 853 2013 uos
877 1937 1006 2014 exinde
1027 1937 1160 2013 vestire
1182 1935 1298 2021 venit,

234 2050 272 2124 id
286 2052 418 2152 ipsum,
439 2055 532 2128 siout
539 2055 706 2156 jussistis,
722 2054 874 2144 fecisset,
890 2055 960 2129 nisi
976 2053 1141 2129 homines
1155 2051 1222 2142 N,
1237 2050 1302 2125 trs

235 2172 302 2243 tris
324 2173 454 2260 vestri,
478 2171 548 2247 hoc
569 2170 882 2248 contradixissent.
910 2173 1080 2247 Attamen
1105 2170 1182 2270 ipae
1207 2168 1303 2243 loom

235 2287 337 2362 valde
360 2305 516 2363 vastatus
548 2307 620 2379 est,
648 2291 696 2362 ita
723 2307 763 2364 ut
786 2289 931 2364 nulium
955 2290 1110 2365 omuino
1136 2304 1302 2389 tegumen

236 2420 417 2479 tectorum
432 2405 521 2479 inibi
540 2406 772 2495 remanserit,
794 2405 892 2509 quod
908 2431 985 2480 non
998 2402 1202 2493 venditum,
1215 2402 1303 2477 alie-

235 2538 380 2614 natum,
399 2540 647 2626 vastatumque
663 2524 729 2612 sit,
749 2539 896 2625 excepta
912 2522 1076 2612 basilica,
1094 2548 1178 2625 quse
1197 2521 1304 2596 etiam

234 2666 279 2714 ex
296 2657 397 2740 parte
414 2644 567 2718 corruit.
586 2643 660 2716 Nos
681 2658 821 2729 antem,
841 2666 943 2714 causa
961 2655 1091 2714 vestrae
1108 2637 1301 2723 mercedis,

237 2755 306 2832 boc
321 2758 433 2833 fisum
452 2761 488 2833 iu
508 2761 631 2833 auimo
649 2758 859 2851 babuimus,
876 2773 920 2831 ut
935 2754 1096 2858 [omnia]
1113 2780 1198 2856 qnae
1213 2776 1304 2853 prat·

236 2876 329 2947 senti
357 2900 455 2951 anno
482 2877 673 2978 adquirere
700 2900 901 2976 possemus,
932 2873 976 2946 ad
1005 2868 1305 2946 restaurationem

235 2993 394 3090 ejusdem
413 2995 465 3091 (5,
484 2994 553 3070 loci
571 2992 878 3092 expenderemus:
898 2989 997 3092 quod
1013 3003 1052 3064 et
1067 2987 1186 3062 faeere
1202 2985 1306 3087 cupi·

238 3133 340 3199 mus,
357 3111 385 3181 si
405 3111 455 3183 ita
474 3136 538 3209 per
555 3110 768 3209 munse[rint
786 3107 953 3206 singulo,
972 3107 1085 3181 sicuti
1099 3103 1306 3204 benignitus

237 3234 376 3323 uestra]
391 3230 517 3301 statuit
533 3245 640 3330 atque
655 3226 827 3302 decrevit.
844 3227 972 3302 Vester
987 3225 1107 3324 itaque
1118 3222 1250 3295 missus
1264 3217 1308 3292 de

238 3341 423 3419 laboribus
437 3344 494 3447 (6)
511 3348 656 3446 [antea]
675 3345 845 3421 laboratis
862 3344 955 3418 nibil
974 3343 1023 3416 ibi
1043 3341 1206 3429 invenit,
1224 3338 1307 3441 quia

245 3547 255 3554 -
268 3545 591 3554 ---—--——-—
603 3546 704 3553 --—..--

271 3658 310 3728 (ι)
329 3675 361 3712 ux
376 3656 405 3710 in
419 3655 485 3711 edit

272 3750 312 3819 (a)
330 3748 435 3803 Forsan
453 3749 599 3812 Generum
617 3747 703 3804 codex
724 3748 784 3815 ut,
802 3744 871 3803 editi
891 3746 1055 3818 gbsiosum,
1074 3741 1153 3798 natta
1169 3739 1312 3816 quatis

236 3838 367 3910 epistole,
380 3856 440 3912 quae
452 3838 488 3893 de
500 3838 605 3894 eisdem
618 3839 742 3912 personis
754 3847 869 3904 tractat,
884 3834 979 3890 hsbita
989 3835 1107 3889 ratium.

272 3925 311 4000 (5)
329 3929 378 3984 He
389 3927 451 3983 due
460 3946 563 3984 voeesa
574 3929 700 4002 pristinis
710 3927 868 3984 editoribus
877 3926 985 3981 omissa
997 3925 1119 3981 fuerunt.

272 4020 312 4086 (4)
331 4016 404 4072 Edit
425 4019 532 4073 Tamen
544 4020 729 4090 Μιλτὼ...)

272 4110 311 4178 (5)
329 4110 393 4164 liaec
407 4128 484 4164 vora
499 4108 624 4179 pristinis
636 4107 704 4164 edit.
718 4108 817 4163 omissa
828 4116 879 4160 est.

273 4199 312 4265 (b)
333 4199 402 4252 ttem
417 4199 457 4251 bae
470 4197 530 4251 due
543 4216 629 4251 voces
