3090 5302
236 429 296 492 246
460 431 644 493 HISTORIA
665 432 979 507 Taarstarlouts,
1000 454 1063 497 tra.

235 577 342 650 quam
353 577 479 625 eorum
492 555 720 627 sacratissima
733 580 884 654 corpora
892 554 1052 631 delloma
1062 557 1099 629 in
1107 557 1284 632 Franciam

234 665 347 740 delata
366 682 468 755 sunt,
487 697 552 768 per
567 669 703 743 diversa
723 671 798 745 loca
812 672 995 759 feceruut,
1017 674 1091 747 imo
1107 701 1209 775 qnae,
1228 702 1287 775 per

234 783 382 859 illorum
399 784 500 858 beata
524 789 649 860 merita
666 805 702 861 et
720 790 794 888 pias
811 790 1012 878 orationes,
1032 792 1106 891 ipse
1122 818 1188 867 rex
1203 818 1288 867 aar·

236 919 358 1002 tyrum
376 906 469 977 Deus
489 919 525 977 et
541 906 716 977 Dominus
730 921 853 979 noster
865 906 965 979 lesus
979 905 1161 996 Christus,
1179 909 1223 983 ad
1237 935 1288 981 sa·

235 1018 347 1093 lutem
367 1021 576 1111 hominum,
602 1023 743 1119 operari
770 1023 937 1122 diguatus
959 1040 1030 1111 est,
1059 1025 1287 1099 necesarium

230 1135 384 1235 judicavi
409 1136 509 1210 brevi
532 1138 745 1238 praelatione
771 1140 1012 1239 perstringere
1031 1141 1129 1241 quod
1152 1168 1197 1217 ex
1220 1140 1286 1229 his,

233 1279 316 1354 quse
332 1252 487 1328 seribere
511 1255 689 1354 disposui,
716 1259 830 1355 maj0r
847 1283 927 1353 pars
939 1256 984 1329 ad
999 1258 1165 1331 notitiam
1180 1284 1289 1331 meam

233 1371 387 1445 aliorum
397 1371 569 1446 relatione
580 1373 933 1474 perlataest3quibus
941 1388 1060 1449 tamen
1070 1392 1111 1449 ut
1121 1374 1231 1449 lidem
1238 1374 1289 1449 lta·

234 1490 371 1576 berem,
382 1517 425 1564 ex
436 1491 490 1563 his
499 1518 582 1592 quse
590 1492 741 1590 ipseridi
748 1508 785 1565 et
794 1519 915 1566 coram
928 1493 1216 1593 positussgnori,
1224 1510 1288 1567 tam

234 1606 387 1681 firmiter
402 1607 489 1681 mihi
514 1634 718 1707 persuasum
733 1624 803 1695 ost,
824 1625 866 1682 ut
877 1608 956 1682 sine
970 1609 1047 1684 ullo
1061 1605 1291 1683 dubitationis

234 1725 404 1824 scrupulo
413 1750 491 1797 vera
500 1751 573 1799 esse
580 1724 775 1812 crederem,
787 1752 869 1825 quae
880 1725 925 1797 ab
933 1724 1289 1825 hisdieebantur,qui

235 1868 272 1916 se
290 1840 350 1913 illa
361 1840 488 1914 vidisse
503 1844 617 1917 testati
630 1858 735 1928 sunt,
758 1843 893 1916 tametd
907 1867 1164 1941 personarum,
1179 1843 1291 1944 aqui·

234 1955 303 2031 bus
315 1950 1042 2055 haecaudieram,autpurvamaut⁸11ullam
1052 1957 1293 2032 eatenuauoti·

235 2075 321 2147 tiam
330 2072 698 2148 haberemcoeterum
707 2072 752 2146 de
761 2071 1293 2172 hisomnibuseaprimumsori·

234 2188 349 2263 beuda
363 2189 533 2264 videntur
548 2216 630 2289 quse
645 2191 681 2263 in
700 2215 743 2262 eo
758 2189 839 2262 loeo
852 2204 966 2287 gesta,
983 2203 1020 2262 et
1033 2215 1053 2261 a
1072 2189 1212 2289 meipso
1227 2190 1293 2263 risa

234 2322 339 2394 sunt,
357 2306 400 2381 ed
415 2333 523 2406 quem
540 2332 622 2381 suos
634 2307 890 2379 sacratissimos
900 2307 1038 2379 cineres
1052 2306 1162 2381 iidem
1175 2305 1294 2383 batis·

235 2424 315 2497 simi
344 2423 521 2523 Martyres
552 2422 736 2496 transferri
764 2436 1028 2521 prreceperunt.
1057 2422 1197 2497 Deinde
1213 2422 1291 2513 tlh,

235 2568 318 2643 quae
332 2543 368 2614 in
381 2542 538 2640 Aquensi
555 2540 705 2639 palatio,
719 2539 787 2613 sub
800 2541 885 2639 ipsis
893 2539 1094 2615 aulicorum
1110 2538 1293 2615 obustilm

235 2658 327 2732 facta
344 2673 604 2733 memorantur.
627 2659 722 2729 Tum
738 2684 779 2731 ea
792 2684 875 2757 quse
900 2684 965 2756 per
981 2656 1122 2731 diversa
1136 2656 1238 2747 loos,
1254 2658 1294 2731 ad

236 2800 337 2876 quas,
356 2773 530 2874 religiosis
552 2774 637 2846 viris
661 2773 866 2873 petentibus
884 2800 924 2845 ac
944 2798 1001 2846 me
1020 2772 1225 2862 tribuente,
1247 2800 1294 2849 ta·

238 2921 310 2969 erse
335 2892 481 2967 illorum
495 2893 658 2992 reliquiae
674 2891 800 2967 delatae
818 2909 928 2978 sunt,
950 2907 1047 2992 gesta
1066 2891 1291 2981 referuntur,

239 3013 358 3087 sensui
373 3037 445 3085 esse
467 3010 650 3110 ponenda;
671 3026 732 3097 ut,
749 3009 818 3083 hoe
835 3010 964 3084 ordine
983 3010 1022 3083 in
1036 3009 1215 3087 relatione
1228 3036 1292 3085 ser·

240 3144 345 3214 vato,
365 3127 455 3201 nihil
473 3142 653 3201 remaneat
665 3152 708 3200 ex
721 3124 891 3201 omnibus
903 3127 1014 3226 signis
1026 3141 1137 3229 atque
1150 3128 1291 3203 mirem

242 3247 304 3332 lis,
339 3271 422 3343 quae
451 3244 495 3315 ad
529 3258 662 3315 nostrae
693 3243 879 3341 parvitatis
912 3242 1080 3315 notitiam
1115 3243 1290 3343 pervenim

242 3376 451 3462 potuerunt.
470 3359 537 3433 Sed
551 3364 645 3458 jam,
664 3386 762 3432 suune
781 3359 996 3458 praefatione
1015 3360 1212 3459 completa,
1226 3361 1288 3459 ipsa

241 3475 480 3580 quaedicenda
501 3494 601 3562 sunt,
619 3476 786 3548 miracula
808 3474 1045 3573 proferamus.

293 3946 352 4016 35.
373 3942 564 4039 Postquam
584 3965 679 4012 sacra
694 3936 981 4012 beatissimorum
999 3938 1203 4040 Martyrum
1215 3952 1287 4007 'onr-

244 4086 352 4163 pora,
379 4056 471 4127 sicut
492 4059 564 4153 jam
591 4056 628 4128 in
654 4052 899 4153 superioribus
919 4054 1205 4128 demonstratum
1225 4064 1284 4133 est,

243 4177 325 4281 ipsis
333 4170 544 4276 jubentibus
561 4187 597 4245 et
610 4169 713 4245 nobis
725 4196 864 4245 morem
877 4168 1151 4271 gerentibus,ad
1163 4167 1285 4249 locam,
