3166 5280
545 447 783 508 mancatum
807 446 855 506 ET
878 444 1003 507 PETRI.
1246 444 1305 506 405

252 583 295 649 Ut
313 607 493 650 mensuram
510 581 675 674 pervidere
692 581 853 672 propriam
872 602 937 644 non
956 577 1069 644 valeas.

251 700 325 765 Esse
342 724 479 790 namque
497 716 527 768 te
542 697 709 765 mortalem
730 697 870 763 universi
885 697 1049 778 novimus,

251 816 291 882 Et
306 832 357 898 tu,
378 816 465 883 velut
480 815 635 908 quiddam
652 837 805 904 magnum
824 814 858 879 in
875 828 905 879 tc
922 814 1034 902 vigens
1047 825 1174 878 maneat
1192 813 1259 898 (r),

251 930 396 997 Grandes
413 955 521 1021 poenas
537 931 744 997 comminaris
758 932 807 1018 (a)
823 929 1006 995 Christiano
1024 925 1162 1020 populo,

252 1046 355 1114 Stulta
370 1048 465 1113 nimis
482 1071 519 1113 ac
534 1045 636 1113 leroci
652 1045 819 1112 conlidens
834 1044 985 1125 audacia,

252 1165 467 1232 Immortalem
484 1165 603 1231 Christi
621 1163 735 1244 iidem,
753 1165 793 1233 de
809 1165 995 1233 credentum
1011 1162 1179 1241 cordibus,

252 1282 421 1348 Exturbari
439 1308 581 1373 unquam
598 1307 688 1374 posse
704 1285 806 1374 poenis
819 1281 1059 1373 temporalibus.

253 1400 456 1468 Sacerdotem
473 1399 604 1491 quidem
622 1401 761 1482 Christi,
780 1423 876 1491 quem
893 1423 1007 1488 rogare
1025 1411 1167 1489 poteras,

254 1516 297 1581 Ut
312 1540 371 1606 pro
389 1518 450 1582 tuis
467 1530 612 1582 exoraret
627 1516 774 1608 plurimis
788 1514 984 1595 excessibus,

254 1633 374 1720 Pugnis
390 1655 505 1698 caesum
521 1647 616 1722 atque
632 1633 776 1698 vinctum
791 1631 980 1722 mancipasti
995 1630 1132 1696 carceris

253 1747 301 1810 De
318 1769 382 1834 quo
400 1759 503 1810 tamen
523 1746 603 1811 tristi
619 1744 723 1826 lacto,
741 1769 816 1812 vero
833 1744 921 1812 laetus
938 1744 1073 1834 gaudio,

254 1864 391 1951 Magnus
407 1861 459 1927 ille
473 1876 594 1950 martyr
607 1861 727 1927 Christi
741 1861 838 1927 modo
851 1860 933 1926 nihil
948 1862 1115 1951 queritur,

253 1979 356 2044 Immo
376 2002 481 2044 rarum
498 1977 657 2044 conditori
676 1976 790 2066 dignas
809 1976 905 2043 refert
922 1979 1051 2066 gratias,
1070 2004 1085 2038 u

256 2094 313 2158 His
328 2091 460 2170 auditis,
482 2092 631 2158 efferatus
646 2106 880 2158 tormentorum
898 2092 1029 2172 arbiter,

255 2208 384 2273 Petrum
398 2206 490 2295 jubet
507 2222 691 2273 catenarum
708 2207 975 2299 comprehensum
992 2207 1134 2300 pondere

255 2325 451 2404 Oneratum‚
470 2326 501 2389 in
520 2323 691 2390 obscuram
706 2324 807 2414 recipi
823 2324 1021 2392 custodiam:

255 2444 295 2508 Et
310 2443 343 2507 in
361 2442 454 2532 cippo
469 2438 666 2506 furibundus
685 2441 827 2530 praecipit
843 2443 1040 2520 arctissimo,

255 2556 383 2623 Plantas
402 2553 497 2621 simul
512 2569 607 2643 atque
623 2576 717 2619 cntra
734 2555 863 2644 pretiosi
880 2555 1045 2643 martyris,

256 2675 303 2740 Ne
317 2673 406 2740 abire
426 2670 627 2764 prevaleret,
646 2669 843 2738 includendo
859 2673 1041 2763 comprimi.

304 2801 356 2855 10.
382 2787 445 2855 Sed
462 2811 535 2853 cum
552 2799 656 2853 essent
672 2787 732 2851 isto
749 2784 847 2852 modo
863 2788 998 2877 separati
1014 2801 1186 2877 martyres,

257 2905 350 2972 Celso
364 2906 477 2970 missus
495 2905 640 2970 visitator
655 2901 726 2969 coeli
740 2904 827 2969 venit
842 2901 1001 2985 culmine,

257 3024 308 3089 Ad
325 3023 453 3090 beatum
467 3022 587 3090 Christi
604 3036 713 3088 testem
734 3019 986 3101 consolandum,
1004 3019 1149 3110 angelus.

258 3138 326 3228 Qui
343 3139 420 3206 dum
434 3154 580 3206 sanctum
597 3139 768 3204 invenisset
782 3140 864 3204 vitro
882 3138 1115 3229 superpositum

258 3252 502 3334 Marcellinum,
521 3255 588 3320 sine
604 3268 689 3320 veste
706 3251 794 3318 nudo
811 3254 954 3319 vinctum
971 3275 1124 3345 corpore,

258 3368 386 3436 Christo
404 3370 472 3434 Deo
492 3369 741 3460 supplicantem,
759 3371 842 3437 sicut
855 3383 923 3437 erat
939 3369 1069 3451 solitus,

257 3483 358 3552 Solvit
374 3485 499 3563 statim,
517 3499 549 3551 et
563 3500 710 3576 opertum
727 3485 923 3553 indumentis
939 3488 1096 3578 propriis,

259 3601 513 3691 Quoquovcrsus
527 3598 574 3690 (3)
591 3600 820 3690 precedentem
838 3626 870 3669 se
888 3603 1087 3693 sequendum
1103 3603 1257 3693 imperat,

259 3720 305 3783 Eo
323 3715 432 3781 dicens
448 3713 708 3805 perducendum,
728 3717 785 3783 ubi
800 3719 913 3785 Petrus
926 3717 1043 3785 suerat.

294 4043 332 4110 (r)
351 4039 424 4094 Edit.
441 4040 536 4093 lateat.

295 4139 334 4207 (a)
353 4137 422 4190 Fdit.
437 4138 581 4189 nutrituris.

295 4232 334 4305 (3)
354 4232 427 4288 Fdit.
443 4251 670 4306 quoquoversum.
