<?xml version="1.0" encoding="UTF-8"?>
<!DOCTYPE html PUBLIC "-//W3C//DTD XHTML 1.0 Transitional//EN"
    "http://www.w3.org/TR/xhtml1/DTD/xhtml1-transitional.dtd">
<html xmlns="http://www.w3.org/1999/xhtml" xml:lang="en" lang="en">
 <head>
  <title>
</title>
<meta http-equiv="Content-Type" content="text/html;charset=utf-8" />
  <meta name='ocr-system' content='tesseract 3.04.00' />
  <meta name='ocr-capabilities' content='ocr_page ocr_carea ocr_par ocr_line ocrx_word'/>
</head>
<body>
  <div class='ocr_page' id='page_1' title='image "./einhardiomniaqu00einhgoog_0109.png"; bbox 0 0 3166 5280; ppageno 0'>
   <div class='ocr_carea' id='block_1_1' title="bbox 252 446 997 515">
    <p class='ocr_par' dir='ltr' id='par_1_1' title="bbox 252 446 997 515">
     <span class='ocr_line' id='line_1_1' title="bbox 252 446 997 515; baseline -0.011 0"><span class='ocrx_word' id='word_1_1' title='bbox 252 452 294 515; x_wconf 71' lang='lat' dir='ltr'><strong>Ol</strong></span> <span class='ocrx_word' id='word_1_2' title='bbox 573 448 767 511; x_wconf 76' lang='lat' dir='ltr'><strong>Etnutunt</strong></span> <span class='ocrx_word' id='word_1_3' title='bbox 788 446 997 510; x_wconf 81' lang='lat' dir='ltr'><strong>EPISTOLAE.</strong></span> 
     </span>
    </p>
   </div>
   <div class='ocr_carea' id='block_1_2' title="bbox 252 567 1321 1254">
    <p class='ocr_par' dir='ltr' id='par_1_2' title="bbox 252 567 1321 1254">
     <span class='ocr_line' id='line_1_2' title="bbox 254 567 1318 673; baseline -0.003 -30"><span class='ocrx_word' id='word_1_4' title='bbox 254 568 444 673; x_wconf 79' lang='lat' dir='ltr'><strong>[basilicae]</strong></span> <span class='ocrx_word' id='word_1_5' title='bbox 456 570 513 668; x_wconf 86' lang='grc' dir='ltr'><strong>(ι)</strong></span> <span class='ocrx_word' id='word_1_6' title='bbox 531 567 721 642; x_wconf 87' lang='lat' dir='ltr'><strong>beatorum</strong></span> <span class='ocrx_word' id='word_1_7' title='bbox 733 567 867 640; x_wconf 85' lang='lat' dir='ltr'>Christi</span> <span class='ocrx_word' id='word_1_8' title='bbox 879 584 1096 668; x_wconf 84' lang='lat' dir='ltr'><strong>martyrum,</strong></span> <span class='ocrx_word' id='word_1_9' title='bbox 1113 567 1318 641; x_wconf 81' lang='lat' dir='ltr'>Marcellini</span> 
     </span>
     <span class='ocr_line' id='line_1_3' title="bbox 254 684 1318 788; baseline -0.008 -23"><span class='ocrx_word' id='word_1_10' title='bbox 254 706 291 765; x_wconf 91' lang='lat' dir='ltr'><strong>et</strong></span> <span class='ocrx_word' id='word_1_11' title='bbox 313 689 430 780; x_wconf 83' lang='lat' dir='ltr'><strong>Petri,</strong></span> <span class='ocrx_word' id='word_1_12' title='bbox 455 704 694 788; x_wconf 89' lang='lat' dir='ltr'><strong>patronorum</strong></span> <span class='ocrx_word' id='word_1_13' title='bbox 719 701 935 760; x_wconf 85' lang='lat' dir='ltr'><strong>vestrorum.</strong></span> <span class='ocrx_word' id='word_1_14' title='bbox 961 684 1030 759; x_wconf 88' lang='lat' dir='ltr'><strong>Sed</strong></span> <span class='ocrx_word' id='word_1_15' title='bbox 1055 684 1127 773; x_wconf 94' lang='lat' dir='ltr'><strong>illi,</strong></span> <span class='ocrx_word' id='word_1_16' title='bbox 1158 701 1201 757; x_wconf 90' lang='lat' dir='ltr'><strong>ut</strong></span> <span class='ocrx_word' id='word_1_17' title='bbox 1227 685 1318 759; x_wconf 87' lang='lat' dir='ltr'><strong>milri</strong></span> 
     </span>
     <span class='ocr_line' id='line_1_4' title="bbox 253 799 1318 902; baseline -0.001 -26"><span class='ocrx_word' id='word_1_18' title='bbox 253 804 396 878; x_wconf 88' lang='lat' dir='ltr'><strong>videtur</strong></span> <span class='ocrx_word' id='word_1_19' title='bbox 412 804 478 902; x_wconf 87' lang='lat'><strong>(2),</strong></span> <span class='ocrx_word' id='word_1_20' title='bbox 502 801 591 875; x_wconf 81' lang='lat' dir='ltr'><strong>nihil</strong></span> <span class='ocrx_word' id='word_1_21' title='bbox 611 801 656 875; x_wconf 92' lang='lat' dir='ltr'><strong>de</strong></span> <span class='ocrx_word' id='word_1_22' title='bbox 679 801 742 877; x_wconf 90' lang='lat' dir='ltr'><strong>illo</strong></span> <span class='ocrx_word' id='word_1_23' title='bbox 763 827 872 901; x_wconf 88' lang='lat' dir='ltr'><strong>opere</strong></span> <span class='ocrx_word' id='word_1_24' title='bbox 887 801 1022 894; x_wconf 80' lang='lat' dir='ltr'><strong>fac[ere</strong></span> <span class='ocrx_word' id='word_1_25' title='bbox 1037 799 1318 900; x_wconf 80' lang='lat' dir='ltr'><strong>dignabuntur],</strong></span> 
     </span>
     <span class='ocr_line' id='line_1_5' title="bbox 255 912 1319 1019; baseline -0.003 -25"><span class='ocrx_word' id='word_1_26' title='bbox 255 920 322 994; x_wconf 90' lang='lat' dir='ltr'><strong>nisi</strong></span> <span class='ocrx_word' id='word_1_27' title='bbox 333 919 446 1019; x_wconf 90' lang='lat' dir='ltr'><strong>jussio</strong></span> <span class='ocrx_word' id='word_1_28' title='bbox 460 917 661 993; x_wconf 87' lang='lat' dir='ltr'><strong>clementiae</strong></span> <span class='ocrx_word' id='word_1_29' title='bbox 674 932 802 992; x_wconf 85' lang='lat' dir='ltr'><strong>vestrae</strong></span> <span class='ocrx_word' id='word_1_30' title='bbox 814 916 857 990; x_wconf 90' lang='lat' dir='ltr'><strong>ad</strong></span> <span class='ocrx_word' id='word_1_31' title='bbox 868 942 930 990; x_wconf 87' lang='lat' dir='ltr'><strong>eos</strong></span> <span class='ocrx_word' id='word_1_32' title='bbox 940 916 1074 1005; x_wconf 83' lang='lat' dir='ltr'><strong>veniat,</strong></span> <span class='ocrx_word' id='word_1_33' title='bbox 1081 929 1124 988; x_wconf 91' lang='lat' dir='ltr'><strong>ut</strong></span> <span class='ocrx_word' id='word_1_34' title='bbox 1135 915 1186 991; x_wconf 89' lang='lat' dir='ltr'><strong>eis</strong></span> <span class='ocrx_word' id='word_1_35' title='bbox 1198 912 1319 991; x_wconf 87' lang='lat' dir='ltr'><strong>denno</strong></span> 
     </span>
     <span class='ocr_line' id='line_1_6' title="bbox 253 1031 1321 1136; baseline -0.001 -28"><span class='ocrx_word' id='word_1_36' title='bbox 253 1035 440 1136; x_wconf 73' lang='lat' dir='ltr'><strong>praecipiat</strong></span> <span class='ocrx_word' id='word_1_37' title='bbox 473 1049 535 1121; x_wconf 91' lang='lat' dir='ltr'><strong>ut,</strong></span> <span class='ocrx_word' id='word_1_38' title='bbox 566 1035 763 1108; x_wconf 87' lang='lat' dir='ltr'><strong>secundnm</strong></span> <span class='ocrx_word' id='word_1_39' title='bbox 794 1033 1068 1134; x_wconf 84' lang='lat' dir='ltr'><strong>dispositionem</strong></span> <span class='ocrx_word' id='word_1_40' title='bbox 1102 1031 1242 1109; x_wconf 91' lang='lat' dir='ltr'><strong>domini</strong></span> <span class='ocrx_word' id='word_1_41' title='bbox 1284 1050 1321 1107; x_wconf 90' lang='lat' dir='ltr'><strong>et</strong></span> 
     </span>
     <span class='ocr_line' id='line_1_7' title="bbox 252 1146 1317 1254; baseline -0.003 -28"><span class='ocrx_word' id='word_1_42' title='bbox 252 1152 429 1254; x_wconf 76' lang='lat' dir='ltr'><strong>genitoris</strong></span> <span class='ocrx_word' id='word_1_43' title='bbox 458 1150 588 1243; x_wconf 82' lang='lat' dir='ltr'><strong>vestri,</strong></span> <span class='ocrx_word' id='word_1_44' title='bbox 624 1176 691 1224; x_wconf 85' lang='lat' dir='ltr'><strong>nos</strong></span> <span class='ocrx_word' id='word_1_45' title='bbox 720 1149 890 1250; x_wconf 84' lang='lat' dir='ltr'><strong>adjuvent</strong></span> <span class='ocrx_word' id='word_1_46' title='bbox 919 1150 959 1222; x_wconf 92' lang='lat' dir='ltr'><strong>in</strong></span> <span class='ocrx_word' id='word_1_47' title='bbox 989 1176 1098 1250; x_wconf 86' lang='lat' dir='ltr'><strong>opere</strong></span> <span class='ocrx_word' id='word_1_48' title='bbox 1125 1146 1317 1249; x_wconf 79' lang='lat' dir='ltr'><strong>predicto.</strong></span> 
     </span>
    </p>
   </div>
   <div class='ocr_carea' id='block_1_3' title="bbox 249 1265 1320 3114">
    <p class='ocr_par' dir='ltr' id='par_1_3' title="bbox 249 1265 1320 3114">
     <span class='ocr_line' id='line_1_8' title="bbox 253 1265 1319 1368; baseline 0.001 -28"><span class='ocrx_word' id='word_1_49' title='bbox 253 1269 483 1368; x_wconf 68' lang='lat' dir='ltr'><strong>Quapropter</strong></span> <span class='ocrx_word' id='word_1_50' title='bbox 499 1280 540 1338; x_wconf 90' lang='lat' dir='ltr'><strong>ut</strong></span> <span class='ocrx_word' id='word_1_51' title='bbox 562 1265 665 1342; x_wconf 82' lang='lat' dir='ltr'><strong>vobis</strong></span> <span class='ocrx_word' id='word_1_52' title='bbox 684 1293 822 1339; x_wconf 88' lang='lat' dir='ltr'><strong>causam</strong></span> <span class='ocrx_word' id='word_1_53' title='bbox 841 1268 1032 1341; x_wconf 89' lang='lat' dir='ltr'><strong>memorati</strong></span> <span class='ocrx_word' id='word_1_54' title='bbox 1056 1266 1176 1367; x_wconf 87' lang='lat' dir='ltr'><strong>operis</strong></span> <span class='ocrx_word' id='word_1_55' title='bbox 1192 1280 1319 1341; x_wconf 85' lang='lat' dir='ltr'><strong>notam</strong></span> 
     </span>
     <span class='ocr_line' id='line_1_9' title="bbox 251 1379 1320 1483; baseline 0 -26"><span class='ocrx_word' id='word_1_56' title='bbox 251 1383 426 1474; x_wconf 87' lang='lat' dir='ltr'><strong>facerem,</strong></span> <span class='ocrx_word' id='word_1_57' title='bbox 464 1379 525 1456; x_wconf 87' lang='lat' dir='ltr'><strong>has</strong></span> <span class='ocrx_word' id='word_1_58' title='bbox 555 1409 645 1458; x_wconf 84' lang='lat' dir='ltr'><strong>meae</strong></span> <span class='ocrx_word' id='word_1_59' title='bbox 670 1383 855 1483; x_wconf 72' lang='lat' dir='ltr'><strong>parvitatis</strong></span> <span class='ocrx_word' id='word_1_60' title='bbox 887 1383 1158 1483; x_wconf 70' lang='lat' dir='ltr'><strong>supplicatorias</strong></span> <span class='ocrx_word' id='word_1_61' title='bbox 1181 1382 1320 1457; x_wconf 77' lang='lat' dir='ltr'><strong>litteras</strong></span> 
     </span>
     <span class='ocr_line' id='line_1_10' title="bbox 251 1499 1319 1603; baseline 0 -30"><span class='ocrx_word' id='word_1_62' title='bbox 251 1519 380 1577; x_wconf 84' lang='lat' dir='ltr'><strong>vestrae</strong></span> <span class='ocrx_word' id='word_1_63' title='bbox 395 1501 448 1599; x_wconf 78' lang='lat'><strong>(3)</strong></span> <span class='ocrx_word' id='word_1_64' title='bbox 462 1499 704 1602; x_wconf 87' lang='lat' dir='ltr'><strong>magnitudini</strong></span> <span class='ocrx_word' id='word_1_65' title='bbox 723 1501 869 1574; x_wconf 87' lang='lat' dir='ltr'><strong>mittere</strong></span> <span class='ocrx_word' id='word_1_66' title='bbox 888 1501 1029 1589; x_wconf 84' lang='lat' dir='ltr'><strong>curavi,</strong></span> <span class='ocrx_word' id='word_1_67' title='bbox 1044 1526 1111 1601; x_wconf 90' lang='lat' dir='ltr'><strong>per</strong></span> <span class='ocrx_word' id='word_1_68' title='bbox 1126 1526 1216 1603; x_wconf 86' lang='lat' dir='ltr'><strong>quas</strong></span> <span class='ocrx_word' id='word_1_69' title='bbox 1228 1524 1319 1601; x_wconf 76' lang='lat' dir='ltr'><strong>rogo</strong></span> 
     </span>
     <span class='ocr_line' id='line_1_11' title="bbox 251 1615 1319 1719; baseline -0.007 -23"><span class='ocrx_word' id='word_1_70' title='bbox 251 1637 287 1697; x_wconf 90' lang='lat' dir='ltr'><strong>et</strong></span> <span class='ocrx_word' id='word_1_71' title='bbox 312 1619 498 1693; x_wconf 86' lang='lat' dir='ltr'><strong>humiliter</strong></span> <span class='ocrx_word' id='word_1_72' title='bbox 522 1635 608 1718; x_wconf 91' lang='lat' dir='ltr'><strong>peto</strong></span> <span class='ocrx_word' id='word_1_73' title='bbox 633 1636 694 1708; x_wconf 86' lang='lat' dir='ltr'><strong>ut,</strong></span> <span class='ocrx_word' id='word_1_74' title='bbox 723 1634 876 1719; x_wconf 85' lang='lat' dir='ltr'><strong>propter</strong></span> <span class='ocrx_word' id='word_1_75' title='bbox 897 1643 1058 1693; x_wconf 90' lang='lat' dir='ltr'><strong>amorem</strong></span> <span class='ocrx_word' id='word_1_76' title='bbox 1078 1635 1116 1693; x_wconf 89' lang='lat' dir='ltr'><strong>et</strong></span> <span class='ocrx_word' id='word_1_77' title='bbox 1141 1615 1319 1693; x_wconf 78' lang='lat' dir='ltr'><strong>honorem</strong></span> 
     </span>
     <span class='ocr_line' id='line_1_12' title="bbox 251 1739 1319 1839; baseline -0.003 -25"><span class='ocrx_word' id='word_1_78' title='bbox 251 1739 384 1814; x_wconf 87' lang='lat' dir='ltr'><strong>Christi</strong></span> <span class='ocrx_word' id='word_1_79' title='bbox 411 1740 640 1839; x_wconf 87' lang='lat' dir='ltr'><strong>Martyrum,</strong></span> <span class='ocrx_word' id='word_1_80' title='bbox 671 1753 913 1837; x_wconf 89' lang='lat' dir='ltr'><strong>patronorum</strong></span> <span class='ocrx_word' id='word_1_81' title='bbox 939 1753 1144 1811; x_wconf 84' lang='lat' dir='ltr'><strong>vestrorum</strong></span> <span class='ocrx_word' id='word_1_82' title='bbox 1151 1790 1164 1827; x_wconf 97' lang='lat'><strong>,</strong></span> <span class='ocrx_word' id='word_1_83' title='bbox 1196 1761 1319 1811; x_wconf 86' lang='lat' dir='ltr'><strong>curam</strong></span> 
     </span>
     <span class='ocr_line' id='line_1_13' title="bbox 251 1853 1316 1956; baseline -0.001 -28"><span class='ocrx_word' id='word_1_84' title='bbox 251 1855 383 1930; x_wconf 88' lang='lat' dir='ltr'><strong>habere</strong></span> <span class='ocrx_word' id='word_1_85' title='bbox 398 1855 597 1956; x_wconf 87' lang='lat' dir='ltr'><strong>dignemini</strong></span> <span class='ocrx_word' id='word_1_86' title='bbox 618 1854 662 1928; x_wconf 90' lang='lat' dir='ltr'><strong>de</strong></span> <span class='ocrx_word' id='word_1_87' title='bbox 685 1855 957 1932; x_wconf 89' lang='lat' dir='ltr'><strong>constructione</strong></span> <span class='ocrx_word' id='word_1_88' title='bbox 976 1854 1134 1930; x_wconf 79' lang='lat' dir='ltr'><strong>basilicae</strong></span> <span class='ocrx_word' id='word_1_89' title='bbox 1153 1853 1316 1944; x_wconf 87' lang='lat' dir='ltr'><strong>illorum,</strong></span> 
     </span>
     <span class='ocr_line' id='line_1_14' title="bbox 250 1968 1320 2072; baseline -0.003 -29"><span class='ocrx_word' id='word_1_90' title='bbox 250 1986 306 2058; x_wconf 90' lang='lat' dir='ltr'><strong>ut,</strong></span> <span class='ocrx_word' id='word_1_91' title='bbox 328 1997 395 2070; x_wconf 88' lang='lat' dir='ltr'><strong>per</strong></span> <span class='ocrx_word' id='word_1_92' title='bbox 409 1987 570 2044; x_wconf 85' lang='lat' dir='ltr'><strong>restrum</strong></span> <span class='ocrx_word' id='word_1_93' title='bbox 582 1968 815 2069; x_wconf 89' lang='lat' dir='ltr'><strong>adjutorium,</strong></span> <span class='ocrx_word' id='word_1_94' title='bbox 839 1970 908 2045; x_wconf 90' lang='lat' dir='ltr'><strong>hoo</strong></span> <span class='ocrx_word' id='word_1_95' title='bbox 926 1970 1148 2072; x_wconf 86' lang='lat' dir='ltr'><strong>perficiatur,</strong></span> <span class='ocrx_word' id='word_1_96' title='bbox 1170 1985 1209 2045; x_wconf 94' lang='lat' dir='ltr'><strong>et</strong></span> <span class='ocrx_word' id='word_1_97' title='bbox 1229 1968 1320 2043; x_wconf 86' lang='lat' dir='ltr'><strong>detis</strong></span> 
     </span>
     <span class='ocr_line' id='line_1_15' title="bbox 251 2085 1320 2188; baseline -0.001 -27"><span class='ocrx_word' id='word_1_98' title='bbox 251 2085 358 2163; x_wconf 85' lang='lat' dir='ltr'><strong>nobis</strong></span> <span class='ocrx_word' id='word_1_99' title='bbox 377 2087 420 2161; x_wconf 93' lang='lat' dir='ltr'><strong>ad</strong></span> <span class='ocrx_word' id='word_1_100' title='bbox 439 2103 656 2162; x_wconf 88' lang='lat' dir='ltr'><strong>memoratos</strong></span> <span class='ocrx_word' id='word_1_101' title='bbox 673 2088 859 2188; x_wconf 90' lang='lat' dir='ltr'><strong>episcopos</strong></span> <span class='ocrx_word' id='word_1_102' title='bbox 879 2114 1013 2161; x_wconf 88' lang='lat' dir='ltr'><strong>sacram</strong></span> <span class='ocrx_word' id='word_1_103' title='bbox 1023 2088 1222 2188; x_wconf 88' lang='lat' dir='ltr'><strong>jussionem</strong></span> <span class='ocrx_word' id='word_1_104' title='bbox 1238 2111 1320 2175; x_wconf 85' lang='lat' dir='ltr'><strong>res-</strong></span> 
     </span>
     <span class='ocr_line' id='line_1_16' title="bbox 252 2204 1316 2307; baseline -0.002 -28"><span class='ocrx_word' id='word_1_105' title='bbox 252 2223 346 2280; x_wconf 89' lang='lat' dir='ltr'><strong>tram</strong></span> <span class='ocrx_word' id='word_1_106' title='bbox 371 2233 437 2307; x_wconf 89' lang='lat' dir='ltr'><strong>per</strong></span> <span class='ocrx_word' id='word_1_107' title='bbox 463 2205 598 2280; x_wconf 82' lang='lat' dir='ltr'><strong>litteras</strong></span> <span class='ocrx_word' id='word_1_108' title='bbox 624 2204 888 2306; x_wconf 82' lang='lat' dir='ltr'><strong>gloriosissimae</strong></span> <span class='ocrx_word' id='word_1_109' title='bbox 915 2205 1138 2280; x_wconf 85' lang='lat' dir='ltr'><strong>auctoritatis</strong></span> <span class='ocrx_word' id='word_1_110' title='bbox 1166 2218 1316 2291; x_wconf 76' lang='lat' dir='ltr'><strong>vestrae,</strong></span> 
     </span>
     <span class='ocr_line' id='line_1_17' title="bbox 251 2320 1319 2424; baseline -0.003 -27"><span class='ocrx_word' id='word_1_111' title='bbox 251 2351 339 2424; x_wconf 89' lang='lat' dir='ltr'><strong>quas</strong></span> <span class='ocrx_word' id='word_1_112' title='bbox 351 2339 584 2398; x_wconf 87' lang='lat' dir='ltr'><strong>contemnere</strong></span> <span class='ocrx_word' id='word_1_113' title='bbox 594 2324 651 2423; x_wconf 74' lang='grc' dir='ltr'><strong>(Δ)</strong></span> <span class='ocrx_word' id='word_1_114' title='bbox 664 2348 739 2397; x_wconf 92' lang='lat' dir='ltr'><strong>non</strong></span> <span class='ocrx_word' id='word_1_115' title='bbox 751 2322 973 2398; x_wconf 77' lang='lat' dir='ltr'><strong>audeantzet</strong></span> <span class='ocrx_word' id='word_1_116' title='bbox 984 2323 1068 2399; x_wconf 91' lang='lat' dir='ltr'><strong>inde</strong></span> <span class='ocrx_word' id='word_1_117' title='bbox 1081 2320 1184 2399; x_wconf 83' lang='lat' dir='ltr'><strong>vobis</strong></span> <span class='ocrx_word' id='word_1_118' title='bbox 1196 2346 1319 2395; x_wconf 82' lang='lat' dir='ltr'><strong>comm</strong></span> 
     </span>
     <span class='ocr_line' id='line_1_18' title="bbox 250 2436 1318 2542; baseline -0.005 -26"><span class='ocrx_word' id='word_1_119' title='bbox 250 2445 326 2516; x_wconf 87' lang='lat' dir='ltr'><strong>Deo</strong></span> <span class='ocrx_word' id='word_1_120' title='bbox 351 2468 488 2516; x_wconf 90' lang='lat' dir='ltr'><strong>merces</strong></span> <span class='ocrx_word' id='word_1_121' title='bbox 515 2456 709 2535; x_wconf 88' lang='lat' dir='ltr'><strong>accrescat,</strong></span> <span class='ocrx_word' id='word_1_122' title='bbox 735 2456 771 2516; x_wconf 88' lang='lat' dir='ltr'><strong>et</strong></span> <span class='ocrx_word' id='word_1_123' title='bbox 795 2439 891 2515; x_wconf 86' lang='lat' dir='ltr'><strong>beati</strong></span> <span class='ocrx_word' id='word_1_124' title='bbox 919 2441 1098 2542; x_wconf 86' lang='lat' dir='ltr'><strong>Martyres</strong></span> <span class='ocrx_word' id='word_1_125' title='bbox 1123 2465 1192 2540; x_wconf 91' lang='lat' dir='ltr'><strong>pro</strong></span> <span class='ocrx_word' id='word_1_126' title='bbox 1217 2436 1318 2514; x_wconf 83' lang='lat' dir='ltr'><strong>vobis</strong></span> 
     </span>
     <span class='ocr_line' id='line_1_19' title="bbox 251 2559 1317 2661; baseline -0.003 -30"><span class='ocrx_word' id='word_1_127' title='bbox 251 2559 489 2649; x_wconf 84' lang='lat' dir='ltr'><strong>intercedant,</strong></span> <span class='ocrx_word' id='word_1_128' title='bbox 504 2575 546 2631; x_wconf 92' lang='lat' dir='ltr'><strong>ut</strong></span> <span class='ocrx_word' id='word_1_129' title='bbox 564 2586 717 2661; x_wconf 83' lang='lat' dir='ltr'><strong>regnum</strong></span> <span class='ocrx_word' id='word_1_130' title='bbox 735 2573 897 2632; x_wconf 86' lang='lat' dir='ltr'><strong>restrum</strong></span> <span class='ocrx_word' id='word_1_131' title='bbox 909 2585 1050 2658; x_wconf 88' lang='lat' dir='ltr'><strong>semper</strong></span> <span class='ocrx_word' id='word_1_132' title='bbox 1065 2573 1239 2659; x_wconf 82' lang='lat' dir='ltr'><strong>augeatur</strong></span> <span class='ocrx_word' id='word_1_133' title='bbox 1258 2573 1317 2629; x_wconf 91' lang='lat' dir='ltr'><strong>at-</strong></span> 
     </span>
     <span class='ocr_line' id='line_1_20' title="bbox 249 2672 1317 2777; baseline -0.001 -30"><span class='ocrx_word' id='word_1_134' title='bbox 249 2700 320 2777; x_wconf 91' lang='lat' dir='ltr'><strong>que</strong></span> <span class='ocrx_word' id='word_1_135' title='bbox 336 2675 515 2764; x_wconf 88' lang='lat' dir='ltr'><strong>firmetur,</strong></span> <span class='ocrx_word' id='word_1_136' title='bbox 532 2693 569 2750; x_wconf 92' lang='lat' dir='ltr'><strong>et</strong></span> <span class='ocrx_word' id='word_1_137' title='bbox 583 2691 701 2751; x_wconf 91' lang='lat' dir='ltr'><strong>tutum</strong></span> <span class='ocrx_word' id='word_1_138' title='bbox 714 2675 956 2751; x_wconf 76' lang='lat' dir='ltr'><strong>andefonsum</strong></span> <span class='ocrx_word' id='word_1_139' title='bbox 969 2689 1111 2750; x_wconf 89' lang='lat' dir='ltr'><strong>maneat</strong></span> <span class='ocrx_word' id='word_1_140' title='bbox 1122 2672 1167 2748; x_wconf 91' lang='lat' dir='ltr'><strong>ab</strong></span> <span class='ocrx_word' id='word_1_141' title='bbox 1180 2672 1317 2747; x_wconf 88' lang='lat' dir='ltr'><strong>insidiis</strong></span> 
     </span>
     <span class='ocr_line' id='line_1_21' title="bbox 250 2793 1318 2894; baseline -0.001 -31"><span class='ocrx_word' id='word_1_142' title='bbox 250 2806 358 2892; x_wconf 90' lang='lat' dir='ltr'><strong>atque</strong></span> <span class='ocrx_word' id='word_1_143' title='bbox 375 2793 602 2867; x_wconf 87' lang='lat' dir='ltr'><strong>infestatione</strong></span> <span class='ocrx_word' id='word_1_144' title='bbox 621 2794 677 2893; x_wconf 85' lang='lat'><strong>(5)</strong></span> <span class='ocrx_word' id='word_1_145' title='bbox 697 2793 940 2894; x_wconf 81' lang='lat' dir='ltr'><strong>malignorum</strong></span> <span class='ocrx_word' id='word_1_146' title='bbox 956 2793 1164 2891; x_wconf 89' lang='lat' dir='ltr'><strong>spirituum,</strong></span> <span class='ocrx_word' id='word_1_147' title='bbox 1183 2806 1220 2864; x_wconf 89' lang='lat' dir='ltr'><strong>et</strong></span> <span class='ocrx_word' id='word_1_148' title='bbox 1237 2816 1318 2862; x_wconf 91' lang='lat' dir='ltr'><strong>ma-</strong></span> 
     </span>
     <span class='ocr_line' id='line_1_22' title="bbox 250 2904 1317 3009; baseline 0.002 -29"><span class='ocrx_word' id='word_1_149' title='bbox 250 2905 453 2984; x_wconf 87' lang='lat' dir='ltr'><strong>levolorum</strong></span> <span class='ocrx_word' id='word_1_150' title='bbox 476 2908 680 2983; x_wconf 88' lang='lat' dir='ltr'><strong>hominum.</strong></span> <span class='ocrx_word' id='word_1_151' title='bbox 696 2910 793 3009; x_wconf 91' lang='lat' dir='ltr'><strong>Opto</strong></span> <span class='ocrx_word' id='word_1_152' title='bbox 812 2924 848 2985; x_wconf 88' lang='lat' dir='ltr'><strong>et</strong></span> <span class='ocrx_word' id='word_1_153' title='bbox 872 2936 940 2984; x_wconf 94' lang='lat' dir='ltr'><strong>oro</strong></span> <span class='ocrx_word' id='word_1_154' title='bbox 955 2924 997 2981; x_wconf 87' lang='lat' dir='ltr'><strong>ut</strong></span> <span class='ocrx_word' id='word_1_155' title='bbox 1013 2907 1107 2982; x_wconf 86' lang='lat' dir='ltr'><strong>bene</strong></span> <span class='ocrx_word' id='word_1_156' title='bbox 1125 2904 1238 2982; x_wconf 85' lang='lat' dir='ltr'><strong>valeat</strong></span> <span class='ocrx_word' id='word_1_157' title='bbox 1255 2906 1317 2982; x_wconf 88' lang='lat' dir='ltr'><strong>do·</strong></span> 
     </span>
     <span class='ocr_line' id='line_1_23' title="bbox 251 3024 1011 3114; baseline 0.004 -18"><span class='ocrx_word' id='word_1_158' title='bbox 251 3024 371 3097; x_wconf 93' lang='lat' dir='ltr'><strong>minus</strong></span> <span class='ocrx_word' id='word_1_159' title='bbox 386 3052 486 3099; x_wconf 91' lang='lat' dir='ltr'><strong>meus</strong></span> <span class='ocrx_word' id='word_1_160' title='bbox 504 3052 585 3114; x_wconf 89' lang='lat' dir='ltr'><strong>rex,</strong></span> <span class='ocrx_word' id='word_1_161' title='bbox 602 3041 637 3101; x_wconf 87' lang='lat' dir='ltr'><strong>et</strong></span> <span class='ocrx_word' id='word_1_162' title='bbox 648 3026 745 3098; x_wconf 82' lang='lat' dir='ltr'><strong>vivat</strong></span> <span class='ocrx_word' id='word_1_163' title='bbox 762 3027 801 3099; x_wconf 92' lang='lat' dir='ltr'><strong>in</strong></span> <span class='ocrx_word' id='word_1_164' title='bbox 817 3043 1011 3100; x_wconf 76' lang='lat' dir='ltr'><strong>aeternum.</strong></span> 
     </span>
    </p>
   </div>
   <div class='ocr_carea' id='block_1_4' title="bbox 284 3344 1196 3830">
    <p class='ocr_par' dir='ltr' id='par_1_4' title="bbox 285 3344 1196 3522">
     <span class='ocr_line' id='line_1_24' title="bbox 286 3344 1196 3425; baseline 0.003 -25"><span class='ocrx_word' id='word_1_165' title='bbox 286 3346 297 3420; x_wconf 91' lang='lat'>(</span> <span class='ocrx_word' id='word_1_166' title='bbox 302 3346 327 3419; x_wconf 88' lang='grc' dir='ltr'><strong>ι)</strong></span> <span class='ocrx_word' id='word_1_167' title='bbox 345 3344 543 3415; x_wconf 83' lang='lat' dir='ltr'><strong>Hoeverburn,</strong></span> <span class='ocrx_word' id='word_1_168' title='bbox 559 3347 637 3403; x_wconf 88' lang='lat' dir='ltr'><strong>nullo</strong></span> <span class='ocrx_word' id='word_1_169' title='bbox 648 3367 734 3405; x_wconf 70' lang='lat' dir='ltr'><strong>meno</strong></span> <span class='ocrx_word' id='word_1_170' title='bbox 748 3351 851 3425; x_wconf 82' lang='lat' dir='ltr'><strong>spatio,</strong></span> <span class='ocrx_word' id='word_1_171' title='bbox 864 3349 893 3405; x_wconf 89' lang='lat' dir='ltr'><strong>iu</strong></span> <span class='ocrx_word' id='word_1_172' title='bbox 907 3347 1002 3406; x_wconf 87' lang='lat' dir='ltr'><strong>codice</strong></span> <span class='ocrx_word' id='word_1_173' title='bbox 1014 3346 1196 3403; x_wconf 80' lang='lat' dir='ltr'><strong>desideratur.</strong></span> 
     </span>
     <span class='ocr_line' id='line_1_25' title="bbox 285 3449 556 3522; baseline 0 -19"><span class='ocrx_word' id='word_1_174' title='bbox 285 3451 325 3522; x_wconf 83' lang='lat' dir='ltr'><strong>(a)</strong></span> <span class='ocrx_word' id='word_1_175' title='bbox 343 3449 413 3504; x_wconf 89' lang='lat' dir='ltr'><strong>Cod.</strong></span> <span class='ocrx_word' id='word_1_176' title='bbox 428 3450 556 3505; x_wconf 79' lang='lat' dir='ltr'><strong>violetur.</strong></span> 
     </span>
    </p>

    <p class='ocr_par' dir='ltr' id='par_1_5' title="bbox 285 3550 552 3627">
     <span class='ocr_line' id='line_1_26' title="bbox 285 3550 552 3627; baseline -0.011 -20"><span class='ocrx_word' id='word_1_177' title='bbox 285 3550 326 3627; x_wconf 80' lang='lat'><strong>(3)</strong></span> <span class='ocrx_word' id='word_1_178' title='bbox 345 3551 416 3608; x_wconf 86' lang='lat' dir='ltr'><strong>cod.</strong></span> <span class='ocrx_word' id='word_1_179' title='bbox 431 3562 552 3608; x_wconf 79' lang='lat' dir='ltr'><strong>vestras.</strong></span> 
     </span>
    </p>

    <p class='ocr_par' dir='ltr' id='par_1_6' title="bbox 285 3652 631 3727">
     <span class='ocr_line' id='line_1_27' title="bbox 285 3652 631 3727; baseline -0.003 -17"><span class='ocrx_word' id='word_1_180' title='bbox 285 3653 326 3727; x_wconf 71' lang='lat' dir='ltr'><strong>(l)</strong></span> <span class='ocrx_word' id='word_1_181' title='bbox 344 3652 414 3710; x_wconf 88' lang='lat' dir='ltr'><strong>Cod.</strong></span> <span class='ocrx_word' id='word_1_182' title='bbox 430 3663 488 3709; x_wconf 82' lang='lat' dir='ltr'><strong>aut.</strong></span> <span class='ocrx_word' id='word_1_183' title='bbox 503 3663 631 3709; x_wconf 67' lang='lat' dir='ltr'><strong>termera.</strong></span> 
     </span>
    </p>

    <p class='ocr_par' dir='ltr' id='par_1_7' title="bbox 284 3756 647 3830">
     <span class='ocr_line' id='line_1_28' title="bbox 284 3756 647 3830; baseline 0.011 -22"><span class='ocrx_word' id='word_1_184' title='bbox 284 3756 325 3830; x_wconf 87' lang='grc'><strong>(5)</strong></span> <span class='ocrx_word' id='word_1_185' title='bbox 343 3756 413 3812; x_wconf 88' lang='lat' dir='ltr'><strong>Cod.</strong></span> <span class='ocrx_word' id='word_1_186' title='bbox 430 3756 647 3829; x_wconf 67' lang='lat' dir='ltr'><strong>rufistinatione.</strong></span> 
     </span>
    </p>
   </div>
   <div class='ocr_carea' id='block_1_5' title="bbox 0 0 1588 5280">
    <p class='ocr_par' dir='ltr' id='par_1_8' title="bbox 0 0 1588 5280">
     <span class='ocr_line' id='line_1_29' title="bbox 0 0 1588 5280; baseline 0 0"><span class='ocrx_word' id='word_1_187' title='bbox 0 0 1588 5280; x_wconf 95' lang='lat' dir='ltr'><strong> </strong></span> 
     </span>
    </p>
   </div>
  </div>
 </body>
</html>
