3166 5280
257 457 313 517 134
574 455 767 516 Elnuruul
789 453 992 516 EPISTOLAE.

405 675 529 738 rxxrr.
553 677 604 736 ιι)
625 675 765 736 curun
785 675 949 737 rnrcuu
968 676 1082 739 sunu
1096 683 1151 753 (t).

301 854 504 927 Einhardus
518 856 620 953 Lupo
634 880 699 926 suo
716 852 1062 927 salutem—Omnia
1077 853 1168 927 milri
1185 853 1292 946 studia,

252 999 448 1073 omnesque
465 1000 584 1060 curas,
607 989 679 1044 tam
694 969 736 1043 ad
751 999 846 1044 meas
860 997 967 1071 quarn
981 972 1185 1046 amicorum
1197 998 1294 1044 causas

251 1091 491 1191 pertinentes,
510 1090 641 1162 exemit
653 1104 690 1162 et
707 1089 861 1163 excussit
872 1087 993 1178 dolor,
1011 1114 1122 1190 quem
1139 1116 1184 1165 ex
1198 1106 1298 1165 morte

252 1208 340 1281 olim
359 1192 536 1280 fidissimae
555 1206 734 1306 conjugis,
756 1209 832 1304 jam
849 1233 948 1279 nunc
969 1207 1163 1283 carissimae
1184 1208 1300 1283 turmis

251 1353 291 1399 ac
309 1326 413 1400 sociae
422 1380 433 1415 ,
452 1327 702 1426 gravissimum
719 1324 809 1426 cepi.
828 1324 904 1397 Nec
917 1322 1014 1399 finiri
1032 1352 1136 1427 posse
1152 1326 1300 1415 ridetur,

252 1442 425 1545 quoniam
442 1442 691 1515 exstinctionis
710 1439 804 1513 illius
816 1441 1026 1541 qualitatem
1039 1440 1128 1517 adeo
1143 1442 1303 1517 tenaciter

254 1561 425 1635 memoria
437 1561 583 1645 retinet,
595 1574 637 1631 ut
650 1558 732 1632 inde
743 1558 886 1659 penitus
896 1584 972 1633 non
985 1558 1228 1659 poscitarelli.
1239 1560 1305 1633 Huc

252 1674 408 1762 accedit,
435 1674 534 1775 quod
552 1674 668 1775 ipsum
691 1672 855 1747 dolorem
876 1671 1070 1747 identidem
1092 1674 1304 1761 accumulat,

253 1809 288 1868 et
305 1794 435 1866 vulnus
456 1791 566 1867 semel
583 1805 769 1892 acceptum
783 1790 984 1880 exulcerat,
1001 1789 1101 1892 quod
1118 1806 1202 1865 vota
1224 1790 1305 1865 scili-

253 1926 309 1982 cet
325 1923 447 1983 nostra
469 1907 561 1980 nihil
583 1907 700 1981 valere
717 1906 884 2005 permissa
903 1922 1008 1994 sunt,
1028 1933 1069 1979 ac
1090 1933 1191 2006 spes,
1210 1932 1306 2009 quam

254 2029 290 2098 in
317 2026 521 2126 Martyrum
544 2024 682 2097 meritis
701 2039 808 2122 atque
831 2023 1098 2099 interventione
1123 2024 1307 2099 collocavi·

251 2168 345 2230 mus,
358 2141 642 2240 expectationem
657 2153 817 2212 nostram
827 2165 869 2210 ex
880 2164 954 2212 asse
965 2138 1135 2213 frustrata
1149 2156 1216 2213 est.
1231 2140 1306 2213 lude

252 2260 372 2332 evenit
397 2276 438 2331 ut
462 2257 658 2331 solantium
685 2254 813 2345 verba,
844 2282 927 2355 quae
947 2255 1103 2330 aliorum
1131 2258 1306 2331 moestitioe

253 2374 387 2448 mederi
419 2373 559 2459 solent,
596 2371 735 2472 plagam
767 2370 884 2442 cordis
919 2370 1035 2445 nostri
1070 2370 1307 2447 recrudescere

252 2493 374 2590 potius
386 2490 521 2563 faciant
536 2505 644 2589 atque
658 2485 875 2576 rescindant,
895 2512 977 2559 cum
995 2513 1054 2560 me
1067 2490 1309 2589 equanimiter

252 2607 347 2682 serre
360 2605 490 2706 jubent
513 2604 706 2678 infortunii
731 2602 929 2690 molestias,
950 2628 1037 2703 quas
1059 2605 1126 2704 ipsi
1144 2631 1225 2681 nou
1241 2630 1309 2679 reu

255 2726 369 2812 tiunt,
386 2741 492 2826 atque
508 2725 545 2797 in
559 2749 603 2798 eo
623 2736 767 2797 censent
786 2718 874 2791 milri
892 2718 1167 2820 gratulandum,
1188 2724 1228 2798 in
1243 2748 1309 2827 quo

255 2843 398 2917 nullum
422 2842 540 2943 gaudii
564 2840 619 2915 vel
643 2838 780 2912 laetitiae
801 2836 922 2911 valent
944 2836 1194 2915 demonstrare
1212 2840 1310 2915 verti·

253 2961 366 3061 gium.
387 2958 476 3051 eris
499 2975 552 3032 est
575 2958 673 3031 enim
695 2953 924 3043 mortalium,
951 2954 1009 3026 cui
1031 2982 1132 3030 mens
1152 2972 1309 3045 constet,

254 3079 391 3178 quique
415 3102 540 3147 sanum
564 3075 694 3174 sapiat,
713 3074 776 3171 qui
798 3086 933 3144 sortem
954 3097 1052 3145 suam
1070 3098 1147 3147 nou
1167 3074 1309 3161 deflent,

254 3208 290 3265 et
308 3194 370 3292 qui
392 3218 429 3265 sc
451 3189 631 3263 infelicem
648 3215 688 3261 ac
704 3188 946 3261 miserrimum
962 3213 1039 3262 non
1056 3188 1214 3288 judicet,
1234 3218 1310 3265 cum

256 3312 292 3382 iu
305 3308 498 3381 alllictione
515 3308 671 3407 positus,
690 3333 793 3394 eum,
812 3332 922 3407 quem
938 3308 1032 3381 votis
1045 3307 1116 3381 suis
1130 3306 1310 3383 fauturum

254 3426 332 3501 fore
354 3423 570 3512 crediderat,
591 3451 753 3499 aversum
773 3438 881 3524 atque
898 3422 1158 3498 inexorabilem
1179 3426 1311 3529 experi-

287 3703 326 3774 (ι)
340 3702 418 3757 llanc
427 3698 585 3773 epistolam,
597 3717 657 3772 quae
668 3699 697 3752 in
708 3698 802 3753 codice
812 3698 985 3755 laudunensi
998 3699 1182 3770 desideratur,
1193 3703 1311 3775 primm

251 3814 265 3845 a
292 3790 403 3864 Papirio
424 3788 566 3853 llassouo,
588 3786 689 3842 deinde
713 3788 883 3856 aChesnio,
904 3789 949 3856 ΙΙ,
970 3786 1035 3864 728,
1060 3788 1136 3846 inter
1154 3790 1226 3865 Lupi
1247 3790 1313 3865 epit·

253 3882 349 3949 stolas,
370 3878 474 3953 publici
491 3877 564 3950 juris
576 3876 693 3944 factam,
709 3895 759 3931 nos
776 3896 809 3931 ex
826 3876 971 3935 Baluziana
985 3896 1101 3953 operum
1120 3882 1202 3955 Lupi,
1220 3880 1312 3937 Fem-

252 3972 349 4028 rirnrir
365 3968 484 4034 abbatia,
505 3966 628 4021 editione
647 3966 820 4033 recudimus,
840 3967 888 4022 uhi
906 3987 967 4023 earn
984 3988 1013 4042 p.
1028 3964 1061 4037 5,
1076 3969 1129 4025 rub
1147 3988 1267 4027 numeru
1284 3986 1311 4023 ιιι

251 4072 372 4117 notatam
388 4058 515 4131 reperias.
529 4056 616 4127 Cujus
627 4056 739 4110 initium
754 4067 861 4111 tantum
875 4058 958 4113 modo
970 4059 1003 4113 D.
1020 4061 1161 4135 Bouquet‚
1177 4062 1236 4131 Vl,
1249 4066 1310 4129 loa,

249 4150 353 4213 inlidit,
368 4148 492 4203 canrrlrnr
509 4147 588 4220 plane
601 4147 751 4219 integram,
767 4166 800 4201 rx
810 4148 906 4204 eodem
918 4149 1005 4217 sonte,
1022 4151 1209 4221 Wciuclreur,
1221 4152 1312 4225 Epin-

251 4238 344 4290 lun-rm
362 4240 531 4295 illustratus.
546 4253 595 4309 99,
613 4253 686 4289 tunt.
