3166 5280
262 370 323 425 atu
492 364 676 425 uisuntur.
697 366 1016 443 Tutusuautouls,
1037 390 1102 434 tac.

261 496 368 568 rnnt;
386 496 422 555 et
436 480 479 553 ad
491 507 598 580 quem
617 482 756 575 iocum,
774 484 830 557 vel
845 484 1002 582 qualiter
1014 486 1050 559 id
1068 486 1147 563 fieri
1157 488 1305 579 deberet,

261 601 497 675 ostenderunt
516 629 525 669 1
546 615 582 671 et
603 615 644 670 ut
668 599 737 671 boo
753 600 841 672 mihi
862 602 939 675 sine
960 628 1061 675 mora
1080 602 1209 679 fuisset
1226 632 1309 679 uuu-

260 718 408 797 tiatnm,
440 712 652 789 terribiliter
676 715 932 789 comminando
962 736 1229 819 praeceperunt.
1252 720 1308 815 Qui

259 857 342 903 mox
360 846 401 902 ut
412 856 470 903 me
481 830 579 903 adire
590 832 712 927 potuit
721 884 733 917 ,
746 831 866 903 omnia
883 856 965 930 quae
972 837 1091 930 jussus
1102 832 1225 909 fuerat
1236 834 1310 909 mibi

259 947 426 1019 intimare
451 946 602 1018 curavit.
634 944 774 1039 Quibus
802 945 953 1033 auditis,
986 950 1081 1021 curis
1115 950 1310 1051 ingentibus

258 1083 430 1154 aestuare,
449 1063 593 1165 etquid
612 1063 700 1136 mihi
722 1080 813 1137 esset
832 1063 1007 1165 agendum
1026 1068 1153 1141 animo
1169 1084 1312 1145 tractare

256 1181 350 1279 coepi
374 1211 383 1251 ε
407 1195 531 1251 atrum
557 1180 688 1252 iterum
709 1181 842 1278 jejunia
869 1196 905 1252 et
932 1180 1314 1281 supplicationescele·

254 1295 416 1385 brandae,
434 1323 476 1367 ac
494 1296 586 1369 Deus
598 1322 722 1368 rursus
734 1320 803 1394 pro
822 1312 943 1369 nostra
960 1298 1169 1374 curiositate
1181 1299 1314 1375 sollici-

256 1414 403 1500 tandus;
422 1440 466 1484 an
485 1412 630 1513 aliquis,
661 1413 740 1485 Deo
761 1410 891 1485 devote
906 1438 947 1483 ac
963 1412 1122 1511 perfecte
1142 1416 1313 1505 servieus,

254 1547 343 1605 esset
359 1527 597 1631 quaerendus,
619 1530 677 1601 cui
694 1529 913 1602 anxietatem
928 1527 1046 1601 cordis
1063 1533 1181 1605 nostri
1202 1548 1239 1605 et
1253 1558 1316 1609 eu·

252 1674 376 1720 aarum
388 1662 595 1720 nostrarum
609 1646 854 1744 querimonias
868 1643 1043 1732 iudicare,
1058 1672 1244 1749 quemque
1253 1674 1317 1723 ro-

252 1792 335 1865 gare
361 1765 620 1864 potuissemua,
647 1778 691 1833 ut
714 1760 941 1835 orationibus
963 1764 1035 1836 suis
1063 1791 1082 1835 a
1112 1766 1192 1841 Deo
1214 1764 1316 1841 uobis

253 1882 358 1978 hujus
376 1883 439 1969 ‚rei
467 1880 793 1953 manifestationem
825 1878 1058 1978 impetraret?
1077 1881 1148 1955 Sed
1169 1880 1233 1955 ubi
1261 1884 1314 1957 vei

251 2000 397 2102 quando
417 1999 475 2071 ilie
497 1999 575 2071 talis
592 1998 726 2069 Christi
744 1996 932 2069 famulusa
951 1996 1056 2072 nobis
1077 2014 1201 2099 posset
1217 2002 1316 2075 inve·

251 2117 323 2189 niri
334 2171 346 2207 ,
363 2117 566 2215 praesertim
583 2116 621 2186 in
643 2115 699 2185 ilia
718 2115 885 2213 regione,
907 2116 942 2185 in
961 2140 1032 2215 qua
1053 2118 1196 2189 tametsi
1214 2144 1315 2219 qne·

249 2234 333 2307 dam
348 2230 516 2306 coenobia
529 2230 574 2303 ab
592 2258 635 2305 eo
655 2232 755 2317 ioco,
774 2233 810 2304 in
826 2258 903 2332 quo
917 2258 1077 2325 eramus,
1096 2232 1193 2309 baud
1209 2234 1315 2337 iunge

251 2353 364 2450 posita
388 2377 461 2425 esse
485 2347 696 2435 constabat,
721 2367 862 2438 umen,
884 2366 1035 2448 propter
1056 2350 1187 2425 rudem
1207 2352 1248 2425 in
1266 2350 1318 2425 bis

251 2466 339 2540 locis
355 2468 429 2564 ejus
448 2464 730 2539 conversationis
748 2464 1035 2549 institutionem,
1056 2480 1121 2536 aut
1137 2492 1243 2541 rarus
1258 2482 1318 2539 sut

251 2583 371 2656 nulius
385 2598 482 2668 emt,
502 2581 546 2653 de
564 2583 666 2678 cujus
683 2581 870 2652 sanctitate
887 2580 955 2652 talc
973 2579 1185 2680 aliquidve!
1201 2583 1316 2657 tenuis

248 2700 341 2771 fama
358 2699 581 2800 loqueretur.
603 2699 741 2768 Interea
756 2693 842 2767 dum
857 2695 912 2768 his
927 2696 1092 2769 anxiatus
1109 2698 1208 2771 curis
1221 2724 1316 2773 sano·

250 2833 370 2888 torum
386 2815 589 2912 Martyrum
609 2810 819 2909 suffragium
834 2810 1100 2909 implorassem,
1114 2828 1227 2915 atque
1237 2838 1315 2891 om-

250 2959 312 3005 nes
327 2932 389 3031 qui
406 2956 475 3001 una
488 2927 678 3001 nobiscum
692 2943 795 2999 erant
804 2980 816 3013 ,
833 2942 873 2998 ut
890 2925 984 3000 idem
996 2928 1178 3017 iacerent,
1192 2928 1314 3005 sedulo

249 3046 573 3128 commonuissem,
609 3042 746 3115 factum
775 3060 827 3116 est
859 3060 899 3115 ut
927 3070 992 3143 per
1016 3047 1216 3121 continuos
1243 3046 1313 3121 die

251 3162 349 3234 uuila
371 3186 444 3233 nox
464 3160 687 3257 praeteriret,
709 3160 748 3231 in
767 3186 837 3259 qua
855 3160 909 3233 vei
923 3161 987 3232 uni
1002 3160 1057 3235 vei
1073 3160 1242 3252 duobus,
1260 3160 1311 3237 vei

250 3282 358 3352 etiam
379 3276 494 3348 tribas
512 3277 693 3350 sociorum
715 3292 947 3367 nostrorum,
967 3277 1004 3349 in
1020 3279 1159 3351 somnis
1181 3278 1312 3353 revela·

251 3414 328 3467 tum
346 3420 420 3467 non
446 3394 590 3479 inisset,
612 3393 711 3493 quod
733 3394 792 3465 ilia
816 3410 1022 3469 sanctorum
1038 3418 1194 3493 corpora
1213 3392 1258 3473 de
1271 3418 1311 3469 eo

250 3514 332 3585 loco
350 3512 386 3583 in
404 3509 514 3581 alium
533 3525 649 3581 essem
670 3509 928 3583 transferenda.
949 3508 1004 3583 ad
1022 3524 1228 3587 extremuni
1248 3538 1311 3585 au·

252 3650 323 3702 tem
338 3627 477 3699 cuidam
491 3624 703 3724 presbytero
715 3625 758 3698 de
776 3625 830 3697 his
841 3628 904 3724 qui
921 3625 968 3701 ibi
984 3625 1174 3701 nobiscum
1185 3642 1308 3715 eruut,

249 3744 398 3821 nomine
415 3739 617 3825 Hitdt'riato,
631 3741 797 3837 apparuit
810 3742 846 3813 in
862 3742 1015 3827 visione,
1037 3760 1078 3815 ut
1091 3744 1166 3841 ipse
1180 3740 1311 3823 fateba-

252 3882 310 3935 tur
320 3917 330 3951 ,
347 3869 402 3932 vir
415 3855 561 3959 quidam
573 3854 699 3929 babitu
717 3858 946 3945 sacerdotali,
965 3861 1095 3935 canitie
1113 3860 1310 3937 veaennrh

250 3978 482 4076 conspicuus,
509 3971 657 4045 candida
682 3987 778 4045 veste
801 3974 965 4062 indutus,
991 3975 1163 4073 quicum
1184 3974 1310 4051 ntitas

251 4095 367 4169 verbis
378 4090 604 4189 compellavit
621 4120 629 4160 :
648 4089 764 4175 «Cirr,
784 4090 1131 4191 inquit‚Einbar·dus
1144 4108 1217 4167 tam
1230 4092 1307 4167 duri
