3090 5302
377 397 436 457 160
663 402 713 461 tu
736 398 929 460 ElNflsnut
952 399 1156 461 Erts‘touts

877 547 945 607 lll.

423 651 599 746 Epistolam
624 654 675 740 (1)
706 667 819 721 restrae
844 654 1068 745 dignationis,
1103 656 1345 740 calamitatem,
1373 684 1441 751 qus

375 774 498 842 dudum
516 767 609 834 robis
626 771 780 859 contigit,
805 771 947 860 graviter
965 787 1172 861 querentem,
1189 772 1440 868 haudquaquam

373 885 581 956 mediocriter
602 899 765 952 commota
792 901 899 953 mente
923 885 1063 977 perlegi,
1101 886 1356 981 confectumque
1377 914 1442 958 res·

373 1021 460 1072 trum
481 1001 627 1068 animum
643 1015 709 1068 tam
730 999 878 1070 diuturni
894 1003 1043 1069 moeroris
1058 1004 1218 1072 anxietate
1236 1004 1443 1074 vehementer

373 1119 562 1188 indoluilit
573 1118 733 1208 quamvis,
744 1119 803 1208 qui
817 1142 869 1185 me
886 1117 983 1208 longe
995 1121 1349 1209 prestent,amicorum
1358 1121 1443 1189 sola·

373 1238 418 1305 tia
436 1234 631 1304 tentaverint
646 1232 736 1299 hunc
754 1247 880 1300 tantum
895 1233 1001 1300 levare
1017 1232 1184 1316 dolorem,
1202 1258 1263 1302 nec
1281 1250 1389 1303 tamen
1402 1235 1443 1304 ob

371 1377 442 1420 eam
461 1375 529 1419 rem
548 1349 762 1442 profecerint,
784 1365 820 1417 ut
846 1349 960 1418 litteris
975 1352 1089 1417 vestris
1112 1353 1187 1419 satis
1202 1352 1339 1434 eminet,
1356 1353 1444 1444 quod

373 1472 435 1562 ipsi
459 1491 551 1536 casus
567 1469 666 1534 vestri
685 1466 979 1535 considerationem
1005 1491 1071 1534 non
1091 1469 1167 1536 satis
1189 1467 1230 1535 ad
1253 1492 1287 1535 se
1304 1467 1444 1537 admise-

376 1601 470 1669 runt,
486 1609 525 1653 eo
541 1608 643 1675 usque
660 1598 698 1650 ut
712 1607 826 1650 corum
840 1585 975 1676 quidam
995 1609 1093 1678 super
1107 1609 1238 1652 excessu
1256 1588 1446 1677 gratissime

375 1705 541 1798 quondam
556 1704 667 1770 uxoris
681 1700 911 1792 gratulandum
927 1717 1118 1782 monerent,
1135 1702 1242 1793 quod,
1260 1718 1298 1771 ut
1312 1704 1443 1796 opinor,

376 1819 459 1887 nihil
483 1817 526 1885 ad
550 1815 805 1884 consolationem
822 1817 979 1908 pertinet,
1000 1841 1066 1885 non
1091 1833 1157 1886 tam
1173 1820 1274 1887 astutis
1298 1819 1442 1901 levitate,

374 1937 424 2004 rel
456 1935 601 2026 ingenii,
633 1933 721 2024 quod
754 1935 908 2025 exiguum
936 1937 1067 2019 sentio,
1096 1936 1317 2020 confidentia,
1346 1962 1443 2030 quam

374 2055 470 2146 proni
486 2075 563 2142 erga
581 2075 638 2117 vos
659 2051 779 2116 amoris
801 2051 1044 2141 magnitudine,
1063 2053 1131 2122 hec
1146 2076 1295 2136 rursum,
1314 2053 1443 2144 qualia·

374 2192 504 2259 cunque
519 2169 600 2247 sint,
615 2168 648 2232 in
665 2167 762 2231 vestri
774 2164 926 2233 solatium
942 2191 1007 2234 nou
1022 2191 1093 2236 sum
1108 2169 1230 2236 veritus
1245 2167 1379 2238 cudere.
1400 2171 1444 2238 s's

373 2285 507 2377 quidem
523 2283 672 2352 conscius
696 2282 780 2349 mihi
803 2306 874 2348 sum
894 2285 1046 2351 intimum
1063 2309 1114 2352 me
1132 2286 1343 2356 nobilissimas
1358 2286 1444 2356 illius

372 2399 503 2467 femine
522 2413 639 2480 morte,
654 2421 730 2464 curn
748 2413 870 2480 vestra,
886 2412 955 2465 tum
973 2400 1070 2467 etiam
1092 2402 1192 2493 ipsius
1213 2404 1298 2487 vice,
1313 2406 1444 2473 traxisse

373 2514 1312 2607 dolorcm3quematrociterexasperantemvestrrelitteras,
1324 2518 1441 2599 fateor,

372 2632 598 2700 recrudescere
624 2645 814 2720 coegerunt.
844 2630 936 2698 Unde
960 2655 1165 2723 nequaquem
1188 2632 1442 2726 desperaverim,

372 2748 461 2840 quod
483 2747 555 2815 aliis
578 2745 739 2827 necdum,
765 2747 807 2815 sit
827 2744 939 2812 datum
964 2747 1062 2828 mihi,
1086 2762 1122 2815 ut
1141 2746 1277 2840 aliquod
1291 2748 1441 2818 solatium

371 2865 464 2934 vobis
481 2863 673 2957 persuadere
686 2863 805 2955 possim
818 2886 837 2927 a
851 2863 994 2929 Domino
1011 2879 1220 2934 reservatum.
1232 2865 1362 2935 vitatas
1373 2866 1441 2959 ple·

369 3004 509 3072 rumque
539 2978 720 3047 remedium
747 2978 905 3068 queritur
930 2972 1019 3069 quod
1044 2983 1282 3072 pretiosissimis
1308 2998 1342 3052 et
1365 2984 1442 3053 artis

371 3096 617 3187 vigilantissima
625 3095 813 3187 compositis
823 3092 993 3185 diligentia
1003 3095 1124 3164 lrustra
1141 3097 1198 3164 diu
1210 3112 1369 3167 tentatum
1380 3114 1438 3168 est.

415 3212 527 3304 ltaque
546 3209 788 3277 firmamentum
799 3210 892 3299 justi,
907 3224 943 3276 ut
959 3209 1051 3277 robis
1062 3212 1203 3295 videtur,
1213 3212 1440 3283 dolorisvestri

372 3327 453 3397 duas
466 3328 501 3392 in
519 3339 640 3418 partes,
660 3323 811 3417 epistolas
832 3325 913 3392 mihi
932 3324 1112 3409 reddendo,
1129 3325 1294 3395 divisistis.
1319 3326 1440 3398 hrum

371 3443 496 3536 prima,
516 3465 588 3532 quae
609 3455 641 3508 et
664 3440 715 3507 vel
734 3443 873 3509 maxima
898 3440 954 3508 illa
977 3456 1045 3524 est,
1073 3441 1163 3533 quod
1190 3458 1265 3511 rota
1285 3458 1392 3513 restra
1409 3460 1441 3515 el

370 3585 458 3655 spes,
476 3582 576 3650 quam
588 3559 622 3624 in
639 3570 825 3623 sanctorum
839 3557 1021 3647 Martyrum
1036 3559 1266 3626 intercessione
1278 3557 1441 3630 locavera-

370 3678 489 3761 tis,vos
503 3674 594 3744 velut
604 3674 695 3741 irrita
706 3673 905 3741 lelelleront.
920 3674 1043 3757 Altera,
1055 3699 1127 3766 que
1140 3676 1287 3767 proxime
1301 3676 1438 3770 primam

370 3800 508 3883 accedit,
520 3795 611 3890 quod
623 3795 751 3862 sinister
763 3794 817 3861 ille
833 3818 925 3862 casus
936 3810 1096 3886 quantum
1110 3797 1205 3864 robis
1217 3799 1439 3891 importaverit

369 3916 583 3994 incommodi,
598 3911 798 4005 quotidianis
815 3914 922 3979 metiri
940 3915 1078 4003 negotiis
1093 3915 1272 4004 cogimini,
1289 3915 1371 3985 dum
1382 3940 1438 3985 ros

404 4170 444 4238 (ι)
465 4169 536 4242 Voy.
551 4168 689 4225 cidessus
700 4177 774 4224 cette
786 4167 878 4234 lettre,
891 4184 918 4240 p.
932 4164 991 4235 adl,
1004 4174 1036 4222 u⁰
1050 4183 1130 4222 trau.
