3166 5280
252 460 291 516 28
575 454 766 517 EINHAIIDI
791 451 997 513 EPISTOLAE.

252 601 366 647 mum.
386 573 471 649 Ideo
483 591 586 674 rogat
599 591 639 647 ut
656 601 739 648 eum
752 574 788 645 in
808 587 951 645 tantum
964 557 1175 669 'periculum
1192 583 1331 659 vestrm

245 693 417 793 jussionis
436 694 630 767 auctoritas
648 719 724 767 non
743 689 903 790 impellat
921 689 977 788 (ι)
995 719 1004 760 ι
1025 685 1092 759 sibi
1110 711 1206 758 curae
1225 711 1328 774 esse,

251 837 362 911 seque
383 807 573 910 providere
592 825 634 882 ut
653 836 736 882 cum
753 824 919 882 exactore
936 795 1144 907 heribanni,
1170 803 1198 874 si
1214 828 1331 876 vene-

251 929 320 1015 rit,
336 942 373 1000 et
391 954 474 1001 eum
489 926 776 1026 compellaverit,
796 924 872 996 sine
888 937 1008 995 vestro
1028 919 1151 993 labore
1167 944 1203 991 se
1224 919 1331 1018 paci-

254 1043 350 1116 ficet.
377 1042 461 1116 Non
485 1068 548 1116 vos
570 1067 734 1142 rogarem
752 1040 797 1113 de
818 1038 884 1112 hae
907 1064 1027 1126 causa,
1051 1035 1119 1107 nisi
1144 1035 1332 1134 angustias

253 1162 327 1258 ejus
338 1176 445 1260 atque
457 1158 615 1259 pericula
627 1174 811 1258 comperta
823 1156 1006 1230 haberem.
1021 1153 1119 1253 Opto
1130 1166 1170 1224 ut
1183 1177 1331 1252 semper

253 1274 347 1350 bene
362 1277 518 1352 valeatis.

386 2212 504 2273 XVIII.
528 2212 579 2271 ΑΙ)
601 2211 883 2273 MARCIIIIADUM
905 2210 1202 2274 VICEDOMINUII.

712 2345 756 2404 De
778 2349 873 2406 venia.

309 2492 450 2565 Dilecto
467 2492 582 2562 amico
599 2505 726 2564 nostro
739 2489 964 2579 Marchrado‚
982 2492 1141 2592 glorioso
1157 2490 1215 2589 (a)
1234 2490 1333 2562 vioe·

260 2609 429 2694 domino,
448 2603 649 2679 Einhardus
672 2621 845 2681 aeternam
865 2609 903 2682 in
921 2610 1082 2685 Domino
1104 2609 1268 2682 salutem.
1283 2647 1334 2664 -

261 2730 342 2801 Duo
352 2725 443 2800 servi
456 2725 493 2798 S.
507 2724 670 2813 Martini,
683 2723 727 2799 de
738 2726 820 2799 villa
831 2725 1037 2815 Hedabaeh‚
1048 2729 1198 2804 nomine
1209 2723 1333 2798 Willi-

260 2871 396 2917 rannus
413 2858 449 2916 et
464 2839 636 2916 0tbertus
646 2896 657 2929 ‚
675 2843 920 2944 confugerunt
934 2845 991 2943 (3)
1009 2842 1054 2915 ad
1065 2842 1190 2916 limina
1207 2839 1333 2916 beato

262 2986 345 3032 rum
371 2958 501 3031 Christi
530 2973 734 3057 martyrum
763 2959 962 3032 Marcellini
988 2976 1024 3034 et
1053 2958 1171 3046 Petri,
1200 2982 1269 3055 pro
1289 2983 1334 3030 eo

262 3075 362 3175 quod
384 3073 498 3147 frater
523 3099 650 3147 eorum
675 3073 866 3172 quemdam
891 3076 942 3173 (4)
962 3078 1099 3151 socium
1116 3100 1222 3149 suum
1238 3074 1335 3149 occi-

263 3191 392 3265 disset:
406 3206 574 3291 rogantes
587 3205 628 3261 ut
641 3190 692 3262 eis
707 3189 811 3264 liceat
823 3192 960 3267 solvere
977 3192 1081 3266 illum
1092 3188 1336 3292 weregeldum

262 3293 331 3406 pro
361 3306 472 3381 Iratre
499 3331 585 3392 suo,
615 3321 652 3380 et
678 3324 719 3380 ut
745 3307 776 3381 ei
802 3308 964 3383 membra
990 3309 1240 3411 perdonentur
1262 3306 1332 3407 (5).

299 3643 310 3712 (
316 3645 339 3714 1)
358 3641 428 3699 cod.
442 3641 570 3712 inpellat.

300 3750 340 3818 (a)
359 3747 420 3803 Hoc
432 3744 547 3801 verbum
560 3745 590 3799 in
601 3743 684 3800 editis
697 3743 880 3801 desideratur.

302 3846 341 3920 (3)
359 3847 433 3903 Edit.
443 3847 592 3920 sugerunt.

301 3954 341 4020 (l)
359 3948 430 4006 eod.
443 3947 595 4022 quendam·

302 4051 342 4123 (5)
359 4053 430 4109 Cod.
445 4051 639 4125 prodonentur
646 4076 654 4114 ;
668 4050 740 4104 hanc
754 4067 863 4117 vorem,
881 4068 945 4106 cum
960 4047 1060 4112 editis,
1075 4044 1267 4103 emendamus.
1282 4042 1338 4098 Ubi

268 4144 343 4197 enim
363 4153 467 4198 veteres
486 4142 570 4198 verbo
588 4139 783 4198 condonentur
801 4141 842 4195 usi
860 4139 993 4205 luissent,
1016 4132 1100 4225 medii
1123 4133 1170 4188 aevi
1191 4134 1339 4206 scriptore·

271 4231 384 4286 terbum
395 4233 587 4302 perdonentur
600 4241 743 4306 ttaurpant.
