3166 5280
254 388 312 448 15⁸
553 384 602 443 lo
626 381 819 443 Elttflsltnl
842 383 1046 446 Ertsrotls

252 494 303 560 dis
315 491 486 585 impeditas
501 506 533 558 et
550 490 723 582 implicitas
737 515 774 556 ac
787 490 925 559 modicis
941 489 1104 557 absolutas
1118 491 1231 580 spatiis
1247 512 1319 557 sen·

254 612 369 680 tentiae
383 610 571 688 inveniens,
591 607 759 699 amplexus
771 631 854 673 sum.
871 608 985 699 Quare
1000 630 1075 673 curn
1088 621 1207 675 etanta
1223 630 1320 699 prop·

253 742 303 795 ter
317 727 505 818 opinionem
517 738 667 805 vestram,
682 747 781 814 quam
794 725 937 815 sapiente
956 724 1027 790 viro
1040 722 1176 813 dignam
1189 721 1321 790 imbibe·

254 877 345 934 ram,
371 867 440 919 tum
468 851 629 941 praecipuo
662 864 795 942 propter
827 865 993 942 expertam
1025 850 1108 917 mibi
1132 849 1223 917 illins
1250 848 1322 917 libri

252 965 459 1048 facundiam,
474 965 656 1034 desiderari
671 965 825 1058 deinceps
840 966 984 1058 aliquam
1001 966 1146 1033 nancisci
1163 979 1322 1057 opportu-

255 1086 412 1167 nitatem,
435 1098 472 1151 ut
496 1106 553 1149 ros
569 1097 740 1174 presentes
755 1081 880 1174 alloqui
896 1106 1041 1175 possem,
1062 1097 1099 1149 nt
1112 1080 1323 1173 quemadmo-

254 1199 333 1267 dum
356 1224 414 1267 ros
434 1223 513 1267 mete
530 1199 682 1290 parvitati
697 1215 802 1266 vestre
825 1214 895 1266 tum
919 1198 1064 1290 probitas
1084 1213 1154 1265 tum
1170 1197 1324 1288 sapientia

252 1317 376 1385 lecerat
395 1314 518 1396 claros,
538 1316 584 1382 ita
602 1339 655 1382 me
674 1330 786 1384 restrae
808 1315 999 1383 sublimitati
1019 1339 1110 1383 meus
1129 1317 1230 1383 etiarn
1249 1336 1325 1403 erga

254 1459 312 1502 vos
327 1456 420 1501 amor
435 1447 468 1499 et
482 1456 560 1524 erga
576 1431 765 1524 disciplinas
783 1432 929 1500 studium
944 1431 1324 1521 commendanturque

254 1573 331 1618 vero
342 1548 376 1615 id
385 1564 498 1640 optare
513 1549 678 1629 desistam,
692 1550 851 1640 quamdiu
863 1551 931 1641 ipse
947 1550 1129 1617 incolumes
1138 1550 1174 1616 in
1185 1548 1250 1617 lrac
1262 1549 1325 1615 viu

255 1689 312 1732 ros
334 1688 402 1731 esse
422 1687 627 1754 cognovero,
645 1665 736 1757 quod
758 1689 852 1757 posse
872 1668 1064 1756 contingere
1084 1666 1149 1733 boc
1171 1666 1277 1756 magis
1290 1665 1324 1733 in

254 1807 343 1874 spem
355 1780 473 1863 ducor,
485 1805 554 1873 quo
563 1782 714 1849 exGallia
726 1784 791 1850 huc
799 1784 832 1850 in
845 1784 1133 1851 Transrhenanam
1141 1781 1325 1851 concedens

254 1902 444 1989 regionem,
460 1898 553 1965 robis
566 1901 708 1967 vicinior
728 1900 834 1969 lactus
849 1926 932 1969 sum.
951 1903 1035 1969 Nam
1053 1926 1074 1968 a
1096 1898 1234 1992 praelato
1252 1901 1325 1992 epi·

254 2041 354 2109 scopo
370 2016 413 2084 ad
429 2015 647 2083 venerabilem
663 2017 853 2085 Hrabonnm
877 2018 1019 2087 directus
1039 2042 1132 2099 snm,
1155 2019 1206 2087 nti
1224 2017 1268 2085 ab
1285 2040 1325 2085 eo

254 2138 436 2226 ingressum
452 2155 601 2225 caperem
618 2133 803 2202 divinarum
816 2138 1064 2227 scripturarum.
1079 2136 1169 2226 Ergo
1189 2158 1267 2202 cum
1283 2133 1324 2202 ad

254 2275 311 2317 ros
328 2252 451 2317 iturum
465 2249 544 2315 binc
563 2250 635 2339 ejus
653 2252 811 2320 nuncium
831 2255 1077 2343 comperissem,
1095 2253 1202 2345 primo
1224 2276 1324 2344 qnas-

254 2368 330 2435 dam
344 2366 519 2434 verborum
536 2364 761 2447 obscuritates,
775 2391 795 2433 a
808 2368 901 2434 robis
918 2370 966 2437 nti
981 2368 1240 2450 elucidarentur,
1246 2369 1325 2437 rnil-

253 2483 366 2552 tendas
379 2483 554 2575 proposui,
574 2480 694 2549 deinde
709 2500 860 2575 praestare
877 2487 982 2552 risum
995 2501 1061 2567 est,
1075 2501 1112 2555 ut
1125 2487 1227 2555 ctiam
1237 2486 1325 2553 banc

252 2600 421 2693 epistolam
447 2598 588 2690 dirigere
618 2598 826 2684 debuissem,
850 2628 924 2694 quae
946 2605 975 2670 si
996 2627 1016 2668 a
1033 2603 1126 2671 vobis
1148 2603 1326 2695 dignanter

253 2733 384 2808 accepta
397 2716 516 2799 luerit,
535 2717 714 2809 exoptabili
728 2743 780 2786 me
796 2719 951 2787 affectum
968 2742 1104 2787 manere
1119 2718 1324 2811 gratulabor.

252 2833 317 2902 Sed
329 2832 429 2901 semel
444 2832 578 2924 pudoris
590 2849 807 2924 transgressus
822 2835 975 2916 limitem,
990 2837 1089 2903 etiam
1100 2835 1164 2903 boc
1177 2834 1324 2928 postulo,

252 2966 288 3019 ut
301 2948 460 3041 quosdam
476 2947 637 3015 librorum
654 2964 834 3016 vestrorum
850 2952 932 3018 mihi
943 2952 998 3018 hie
1011 2952 1120 3043 pom'to
1133 2950 1326 3019 commode·

252 3069 310 3147 tis,
325 3086 514 3155 quanquam
531 3063 634 3131 multo
653 3065 693 3130 sit
713 3065 821 3132 minus
837 3065 937 3133 libros
951 3090 1051 3158 qnam
1065 3068 1247 3135 amicitiam
1261 3067 1325 3135 da-

252 3181 368 3270 gitare.
380 3178 465 3244 Sunt
480 3193 589 3245 autem
602 3178 637 3244 hi
649 3177 754 3245 Tullii
764 3181 809 3245 de
816 3180 997 3248 Rhetorica
1007 3181 1091 3250 liber
1105 3209 1114 3249 :
1130 3205 1232 3273 quern
1243 3183 1324 3275 qui·

251 3294 326 3363 dem
342 3293 465 3376 habeo,
477 3293 534 3360 sed
547 3295 581 3360 in
598 3293 761 3386 plerismre
775 3294 979 3365 mendosum.
997 3296 1107 3380 Quare
1117 3320 1194 3365 cnm
1207 3296 1325 3365 codice

252 3412 324 3480 istic
348 3425 477 3502 reperto
500 3409 594 3477 illurn
617 3411 760 3497 contuli,
781 3427 815 3480 et
836 3437 934 3504 quem
954 3415 1126 3483 certiorem
1145 3415 1323 3508 putabam,

250 3526 491 3596 mendosiorem
511 3527 634 3594 inreni.
655 3527 737 3595 Item
758 3529 905 3619 ejusdem
923 3532 1067 3599 auctoris
1082 3534 1127 3599 de
1139 3532 1325 3601 Rhetorica

250 3661 316 3714 tres
327 3644 422 3727 libri,
435 3646 469 3711 in
483 3643 701 3737 disputatione
715 3672 753 3714 ac
770 3646 904 3738 dialogo
920 3650 963 3714 de
981 3648 1138 3717 Oratore.
1153 3648 1325 3741 Qnoeros

250 3762 370 3831 babere
388 3762 545 3843 arbitror,
567 3778 737 3854 propterea
752 3763 843 3855 quod
863 3765 898 3831 in
916 3763 1009 3832 brevi
1024 3765 1231 3835 voluminum
1246 3792 1325 3837 res-

249 3897 390 3965 trorum,
404 3897 478 3974 post
486 3884 831 3950 commemorationem
842 3881 920 3950 libri
928 3885 977 3949 od
986 3884 1212 3966 Herem,
1223 3888 1325 3955 inter·

249 4000 362 4089 positis
373 3998 568 4089 quibusdam
577 3997 662 4080 aliis,
676 4000 832 4091 scripturn
846 4001 951 4091 reperi
963 4028 972 4066 ι
992 3998 1157 4066 Cicero&
1168 4000 1214 4067 de
1222 4000 1322 4069 Bite-

250 4119 365 4179 torico.
385 4114 486 4187 Item.
515 4113 727 4202 Explarrotio
755 4120 789 4181 in
804 4113 905 4182 libros
932 4116 1108 4183 Ciceronis.
1135 4116 1320 4202 Preterea,
