3090 5302
237 371 297 430 102
553 366 746 429 ElNllrllllll
769 364 975 426 EPISTOLAE.

234 488 415 587 piternam
431 486 467 558 in
480 487 640 561 Domino
652 487 1062 586 salntem-Postquam
1078 482 1196 559 fidelis
1211 486 1302 585 [eer-

236 623 300 696 ter,
310 607 544 707 praesentium
555 605 682 704 loton]
692 605 736 679 ad
747 629 815 679 nos
825 605 968 678 renitet
980 601 1069 676 mihi
1083 603 1223 678 litteras
1233 630 1305 679 ves·

235 738 308 794 tras
322 721 489 808 reddidit,
504 722 707 824 qn[idquid
719 722 819 798 vobis
828 718 1134 822 gratumsoreex
1144 721 1211 822 iis]
1221 747 1304 822 cog·

235 864 381 911 noscere
395 837 512 937 potui,
529 836 688 912 libenter
701 838 818 912 lacere
835 837 982 911 certavi.
1001 835 1174 911 Vestrum
1192 837 1307 937 [nunc

232 970 286 1028 est
305 970 440 1027 attente
457 956 583 1028 omnia
605 953 847 1053 con]siderare
872 968 914 1025 ut
933 979 992 1041 ea,
1013 980 1096 1055 quae
1120 953 1221 1026 inter
1245 979 1306 1028 vos

232 1096 336 1170 agere
356 1068 568 1171 disponitis,
588 1072 682 1170 no[n
697 1070 815 1144 solum
837 1068 939 1141 vobis
956 1067 1078 1157 utilia,
1096 1068 1186 1168 sed]
1200 1069 1308 1143 etiam

232 1183 382 1261 honesta
401 1215 445 1262 ex
462 1203 616 1290 utraque
632 1205 734 1289 parte
749 1186 996 1274 inveniantur,
1012 1201 1049 1259 et
1063 1184 1186 1285 [nulla
1206 1186 1310 1263 nobis

232 1305 357 1407 injerri
365 1304 505 1410 possit]
521 1303 768 1405 reprehensio,
784 1303 845 1407 qui
857 1358 868 1394 ,
883 1301 933 1378 ob
946 1301 1150 1378 multorum
1162 1302 1311 1403 profec-

232 1434 327 1511 tum,
344 1420 380 1495 id
393 1422 493 1522 quod
506 1449 609 1524 agere
624 1419 1126 1521 i[neumbitacturus,suisn]
1142 1447 1313 1520 pronun·

234 1540 361 1612 cintus.
382 1538 490 1634 Quod
508 1540 555 1612 ita
571 1539 719 1613 demum
737 1539 814 1614 fieri
833 1565 937 1639 posse
950 1537 1077 1631 video,
1097 1538 1126 1611 si
1148 1539 1234 1639 sn[o
1249 1543 1312 1614 vi-

235 1657 366 1731 delicet
389 1675 546 1759 tempore
572 1657 877 1759 renumquodque]
908 1655 969 1729 liat
980 1709 991 1745 ,
1019 1654 1104 1757 quia
1127 1655 1225 1730 sicut
1247 1682 1312 1731 ros

236 1775 375 1874 optime
404 1775 535 1863 nostis,
561 1777 666 1872 juxta
700 1774 932 1850 Salomonem
963 1803 972 1844 ε
1001 1801 1021 1842 κ
1035 1773 1188 1872 [Omnia
1217 1787 1313 1846 tern-

232 1893 322 1994 pus]
339 1890 474 1967 habent
485 1893 540 1990 (1)
552 1924 588 1981 n,
603 1907 640 1967 et
651 1919 690 1967 ea
700 1890 916 1979 recteliunt,
931 1914 1013 1991 quae
1024 1889 1136 1964 insuo
1146 1903 1313 1991 tempore

239 2007 346 2082 liunt.
371 2009 489 2113 [Opto
511 2028 544 2082 te
559 2036 702 2112 semper
723 2011 779 2111 in]
802 2007 949 2084 Christo
978 2006 1071 2083 bene
1095 2006 1231 2097 valere,
1261 2004 1312 2081 fili

240 2150 433 2200 carissime.

515 2360 618 2422 tvm
630 2366 686 2439 (2).
711 2362 760 2421 in
783 2361 818 2419 r.
843 2359 1036 2423 interest.

290 2525 331 2598 ln
342 2523 477 2599 Christi
488 2525 652 2612 nomine,
667 2523 886 2614 Einhardus,
898 2522 1007 2597 abbas
1020 2522 1182 2612 humilis,
1194 2521 1248 2596 illi
1260 2525 1314 2623 (ὅ)

241 2640 382 2731 abbati,
412 2639 508 2715 fideli
530 2656 638 2741 atque
657 2640 808 2731 dilecto,
829 2656 1004 2717 aeternam
1028 2642 1066 2716 in
1083 2639 1233 2715 Christo
1253 2665 1314 2713 ss-

243 2760 370 2834 lutem.
381 2761 641 2835 —Memorem
662 2774 698 2834 te
718 2787 791 2834 esse
809 2785 887 2835 non
906 2757 1038 2835 dubito
1056 2758 1216 2861 qualiter
1240 2774 1315 2832 tam

243 2893 278 2953 te
296 2879 422 2977 [quom
435 2879 533 2979 tuos]
548 2879 602 2977 (4)
615 2878 705 2951 mihi
720 2878 946 2953 commisisti.
962 2878 1012 2952 Et
1025 2877 1200 2979 quoniam
1216 2878 1265 2950 its
1278 2900 1316 2951 se

242 2994 352 3070 habet
365 2996 420 3094 (5)
435 3008 477 3067 ut
494 3009 553 3067 tua
571 2996 718 3095 propria
732 2995 892 3071 decrevit
909 2996 1089 3085 voluntas,
1109 3020 1234 3070 meum
1248 2993 1317 3068 nti·

243 3138 314 3212 que
337 3111 505 3210 deinceps
529 3127 582 3183 est
609 3127 667 3200 ut,
688 3109 908 3212 ubicumque
934 3125 1160 3210 oportunum
1182 3110 1315 3200 fuerit,

243 3227 311 3301 tibi
327 3230 467 3329 tuisque
481 3227 702 3328 condignum
721 3229 945 3330 suffragium,
961 3230 998 3301 in
1019 3243 1198 3330 quantum
1210 3252 1317 3303 nosse

243 3361 280 3418 et
290 3371 393 3444 posse
402 3345 664 3445 accesserit(6),
675 3345 846 3420 omnibus
857 3346 974 3421 modis
986 3344 1205 3447 impendam.
1216 3345 1316 3447 Ergo

245 3479 375 3537 notum
403 3463 450 3534 sit
478 3461 665 3538 dilectioni
696 3480 824 3539 vestrae
855 3467 1030 3568 quoniam
1060 3463 1120 3540 ille
1147 3465 1316 3539 mssallns

278 3713 319 3787 (ι)
337 3713 383 3770 Cl.
398 3711 567 3779 Ecclesiast,
584 3730 629 3781 ni,
649 3733 658 3767 1
675 3713 831 3789 (vulgat).

279 3805 319 3877 (a)
338 3804 402 3860 llaec
411 3800 527 3877 epistola
535 3801 588 3857 sub
597 3820 675 3857 nuni.
692 3822 735 3857 nv
748 3815 861 3860 notatur
876 3807 904 3861 in
918 3807 986 3861 edit.

280 3894 318 3968 (3)
338 3894 408 3951 Cod.
424 3894 515 3950 abbas
527 3895 574 3948 ille
586 3894 698 3949 humilis
707 3896 839 3969 abbata's.

280 3983 319 4055 (l)
339 3983 413 4039 Edit.
430 3993 455 4037 le
469 3991 495 4036 el
508 3992 578 4036 tuos.

281 4069 319 4143 (5)
339 4070 410 4126 cod.
424 4071 538 4125 haberet
550 4081 598 4126 tna
612 4075 726 4145 propria
741 4070 769 4125 d.

281 4159 320 4231 (6)
339 4158 410 4214 Cod.
424 4163 585 4214 aiicerrcrit.
