<?xml version="1.0" encoding="UTF-8"?>
<!DOCTYPE html PUBLIC "-//W3C//DTD XHTML 1.0 Transitional//EN"
    "http://www.w3.org/TR/xhtml1/DTD/xhtml1-transitional.dtd">
<html xmlns="http://www.w3.org/1999/xhtml" xml:lang="en" lang="en">
 <head>
  <title>
</title>
<meta http-equiv="Content-Type" content="text/html;charset=utf-8" />
  <meta name='ocr-system' content='tesseract 3.04.00' />
  <meta name='ocr-capabilities' content='ocr_page ocr_carea ocr_par ocr_line ocrx_word'/>
</head>
<body>
  <div class='ocr_page' id='page_1' title='image "./einhardiomniaqu00einhgoog_0365.png"; bbox 0 0 3166 5280; ppageno 0'>
   <div class='ocr_carea' id='block_1_1' title="bbox 249 490 1313 1294">
    <p class='ocr_par' dir='ltr' id='par_1_1' title="bbox 252 490 1088 567">
     <span class='ocr_line' id='line_1_1' title="bbox 252 490 1088 567; baseline -0.007 -10"><span class='ocrx_word' id='word_1_1' title='bbox 252 496 312 557; x_wconf 79' lang='lat' dir='ltr'>sls</span> <span class='ocrx_word' id='word_1_2' title='bbox 481 490 667 554; x_wconf 78' lang='lat' dir='ltr'><strong>HISTORIA</strong></span> <span class='ocrx_word' id='word_1_3' title='bbox 686 490 1004 567; x_wconf 71' lang='lat' dir='ltr'>Tsarlsmlorlls,</span> <span class='ocrx_word' id='word_1_4' title='bbox 1026 510 1088 554; x_wconf 74' lang='lat' dir='ltr'>nc.</span> 
     </span>
    </p>

    <p class='ocr_par' dir='ltr' id='par_1_2' title="bbox 249 606 1313 1294">
     <span class='ocr_line' id='line_1_2' title="bbox 250 606 1310 712; baseline -0.003 -25"><span class='ocrx_word' id='word_1_5' title='bbox 250 613 358 687; x_wconf 83' lang='lat' dir='ltr'>simili</span> <span class='ocrx_word' id='word_1_6' title='bbox 381 612 544 712; x_wconf 83' lang='lat' dir='ltr'>passione</span> <span class='ocrx_word' id='word_1_7' title='bbox 570 614 608 684; x_wconf 92' lang='lat' dir='ltr'>in</span> <span class='ocrx_word' id='word_1_8' title='bbox 636 609 799 685; x_wconf 85' lang='lat' dir='ltr'>inferiori</span> <span class='ocrx_word' id='word_1_9' title='bbox 825 609 990 709; x_wconf 85' lang='lat' dir='ltr'>corporis</span> <span class='ocrx_word' id='word_1_10' title='bbox 1010 610 1064 681; x_wconf 91' lang='lat' dir='ltr'>sui</span> <span class='ocrx_word' id='word_1_11' title='bbox 1090 622 1194 710; x_wconf 76' lang='lat' dir='ltr'>parte</span> <span class='ocrx_word' id='word_1_12' title='bbox 1215 606 1310 684; x_wconf 83' lang='lat' dir='ltr'>valde</span> 
     </span>
     <span class='ocr_line' id='line_1_3' title="bbox 250 724 1310 827; baseline -0.005 -25"><span class='ocrx_word' id='word_1_13' title='bbox 250 728 453 819; x_wconf 73' lang='lat' dir='ltr'>debilitata,</span> <span class='ocrx_word' id='word_1_14' title='bbox 469 727 608 801; x_wconf 86' lang='lat' dir='ltr'>cunetis</span> <span class='ocrx_word' id='word_1_15' title='bbox 622 727 685 827; x_wconf 90' lang='lat' dir='ltr'>qui</span> <span class='ocrx_word' id='word_1_16' title='bbox 703 726 850 801; x_wconf 82' lang='lat' dir='ltr'>adeannt</span> <span class='ocrx_word' id='word_1_17' title='bbox 865 724 1090 816; x_wconf 86' lang='lat' dir='ltr'>videntibus,</span> <span class='ocrx_word' id='word_1_18' title='bbox 1106 750 1231 799; x_wconf 87' lang='lat' dir='ltr'>coram</span> <span class='ocrx_word' id='word_1_19' title='bbox 1242 725 1310 799; x_wconf 87' lang='lat' dir='ltr'>eis-</span> 
     </span>
     <span class='ocr_line' id='line_1_4' title="bbox 249 840 1312 944; baseline 0.001 -26"><span class='ocrx_word' id='word_1_20' title='bbox 249 846 331 918; x_wconf 88' lang='lat' dir='ltr'>dem</span> <span class='ocrx_word' id='word_1_21' title='bbox 345 844 560 919; x_wconf 85' lang='lat' dir='ltr'>Sanctorum</span> <span class='ocrx_word' id='word_1_22' title='bbox 571 843 749 944; x_wconf 90' lang='lat' dir='ltr'>reliquiis,</span> <span class='ocrx_word' id='word_1_23' title='bbox 761 842 961 944; x_wconf 83' lang='lat' dir='ltr'>perlectam</span> <span class='ocrx_word' id='word_1_24' title='bbox 973 840 1227 919; x_wconf 82' lang='lat' dir='ltr'>membrorum</span> <span class='ocrx_word' id='word_1_25' title='bbox 1238 868 1312 919; x_wconf 79' lang='lat' dir='ltr'>suo</span> 
     </span>
     <span class='ocr_line' id='line_1_5' title="bbox 251 959 1313 1063; baseline 0.001 -28"><span class='ocrx_word' id='word_1_26' title='bbox 251 989 334 1035; x_wconf 89' lang='lat' dir='ltr'>rum</span> <span class='ocrx_word' id='word_1_27' title='bbox 359 961 568 1037; x_wconf 82' lang='lat' dir='ltr'>firmitatem</span> <span class='ocrx_word' id='word_1_28' title='bbox 593 961 757 1062; x_wconf 77' lang='lat' dir='ltr'>recepit3</span> <span class='ocrx_word' id='word_1_29' title='bbox 786 976 894 1063; x_wconf 81' lang='lat' dir='ltr'>alque</span> <span class='ocrx_word' id='word_1_30' title='bbox 918 988 938 1034; x_wconf 87' lang='lat' dir='ltr'>a</span> <span class='ocrx_word' id='word_1_31' title='bbox 963 959 1120 1051; x_wconf 88' lang='lat' dir='ltr'>morbo,</span> <span class='ocrx_word' id='word_1_32' title='bbox 1148 986 1226 1063; x_wconf 90' lang='lat' dir='ltr'>quo</span> <span class='ocrx_word' id='word_1_33' title='bbox 1253 988 1313 1063; x_wconf 86' lang='lat' dir='ltr'>per</span> 
     </span>
     <span class='ocr_line' id='line_1_6' title="bbox 249 1074 1312 1171; baseline 0.001 -21"><span class='ocrx_word' id='word_1_34' title='bbox 249 1077 373 1151; x_wconf 87' lang='lat' dir='ltr'>decem</span> <span class='ocrx_word' id='word_1_35' title='bbox 397 1102 513 1151; x_wconf 90' lang='lat' dir='ltr'>annos</span> <span class='ocrx_word' id='word_1_36' title='bbox 541 1074 718 1151; x_wconf 78' lang='lat' dir='ltr'>laborasse</span> <span class='ocrx_word' id='word_1_37' title='bbox 743 1074 946 1171; x_wconf 80' lang='lat' dir='ltr'>ferebatur,</span> <span class='ocrx_word' id='word_1_38' title='bbox 972 1078 1050 1153; x_wconf 87' lang='lat' dir='ltr'>Deo</span> <span class='ocrx_word' id='word_1_39' title='bbox 1078 1075 1248 1167; x_wconf 83' lang='lat' dir='ltr'>volente,</span> <span class='ocrx_word' id='word_1_40' title='bbox 1278 1076 1312 1151; x_wconf 94' lang='lat' dir='ltr'>iu</span> 
     </span>
     <span class='ocr_line' id='line_1_7' title="bbox 250 1192 876 1294; baseline 0 -28"><span class='ocrx_word' id='word_1_41' title='bbox 250 1208 438 1268; x_wconf 78' lang='lat' dir='ltr'>momento</span> <span class='ocrx_word' id='word_1_42' title='bbox 455 1193 628 1294; x_wconf 81' lang='lat' dir='ltr'>temporis</span> <span class='ocrx_word' id='word_1_43' title='bbox 644 1192 794 1269; x_wconf 85' lang='lat' dir='ltr'>liberata</span> <span class='ocrx_word' id='word_1_44' title='bbox 810 1208 876 1269; x_wconf 79' lang='lat' dir='ltr'>est.</span> 
     </span>
    </p>
   </div>
   <div class='ocr_carea' id='block_1_2' title="bbox 253 1542 1339 3048">
    <p class='ocr_par' dir='ltr' id='par_1_3' title="bbox 253 1542 1339 3048">
     <span class='ocr_line' id='line_1_8' title="bbox 301 1542 1314 1644; baseline 0 -25"><span class='ocrx_word' id='word_1_45' title='bbox 301 1546 362 1619; x_wconf 89' lang='lat'>80.</span> <span class='ocrx_word' id='word_1_46' title='bbox 389 1543 525 1618; x_wconf 83' lang='lat' dir='ltr'>Eadem</span> <span class='ocrx_word' id='word_1_47' title='bbox 538 1543 597 1619; x_wconf 89' lang='lat' dir='ltr'>die</span> <span class='ocrx_word' id='word_1_48' title='bbox 614 1543 672 1616; x_wconf 83' lang='lat' dir='ltr'>vir</span> <span class='ocrx_word' id='word_1_49' title='bbox 685 1542 832 1644; x_wconf 86' lang='lat' dir='ltr'>quidam</span> <span class='ocrx_word' id='word_1_50' title='bbox 849 1568 984 1634; x_wconf 81' lang='lat' dir='ltr'>caecus,</span> <span class='ocrx_word' id='word_1_51' title='bbox 999 1542 1151 1619; x_wconf 89' lang='lat' dir='ltr'>nomine</span> <span class='ocrx_word' id='word_1_52' title='bbox 1162 1542 1314 1619; x_wconf 81' lang='lat' dir='ltr'>Germa·</span> 
     </span>
     <span class='ocr_line' id='line_1_9' title="bbox 253 1658 1339 1762; baseline -0.002 -27"><span class='ocrx_word' id='word_1_53' title='bbox 253 1688 329 1752; x_wconf 90' lang='lat' dir='ltr'>rus,</span> <span class='ocrx_word' id='word_1_54' title='bbox 344 1661 390 1737; x_wconf 87' lang='lat' dir='ltr'>de</span> <span class='ocrx_word' id='word_1_55' title='bbox 404 1660 488 1735; x_wconf 79' lang='lat' dir='ltr'>villa</span> <span class='ocrx_word' id='word_1_56' title='bbox 499 1659 734 1752; x_wconf 76' lang='lat' dir='ltr'>schaltheim,</span> <span class='ocrx_word' id='word_1_57' title='bbox 746 1686 831 1762; x_wconf 84' lang='lat' dir='ltr'>quae</span> <span class='ocrx_word' id='word_1_58' title='bbox 838 1664 942 1761; x_wconf 73' lang='lat' dir='ltr'>juxta</span> <span class='ocrx_word' id='word_1_59' title='bbox 956 1660 1092 1735; x_wconf 83' lang='lat' dir='ltr'>ostium</span> <span class='ocrx_word' id='word_1_60' title='bbox 1103 1658 1242 1733; x_wconf 86' lang='lat' dir='ltr'>Scaldis</span> <span class='ocrx_word' id='word_1_61' title='bbox 1254 1658 1314 1733; x_wconf 87' lang='lat' dir='ltr'>llu-</span> <span class='ocrx_word' id='word_1_62' title='bbox 1331 1674 1339 1686; x_wconf 91' lang='grc'><em>“</em></span> 
     </span>
     <span class='ocr_line' id='line_1_10' title="bbox 255 1777 1316 1879; baseline -0.001 -27"><span class='ocrx_word' id='word_1_63' title='bbox 255 1778 365 1852; x_wconf 82' lang='lat' dir='ltr'>minis</span> <span class='ocrx_word' id='word_1_64' title='bbox 383 1778 422 1851; x_wconf 91' lang='lat' dir='ltr'>in</span> <span class='ocrx_word' id='word_1_65' title='bbox 440 1777 620 1852; x_wconf 81' lang='lat' dir='ltr'>maritima</span> <span class='ocrx_word' id='word_1_66' title='bbox 637 1778 830 1855; x_wconf 83' lang='lat' dir='ltr'>Frisonum</span> <span class='ocrx_word' id='word_1_67' title='bbox 850 1778 999 1879; x_wconf 84' lang='lat' dir='ltr'>regione</span> <span class='ocrx_word' id='word_1_68' title='bbox 1014 1777 1131 1877; x_wconf 84' lang='lat' dir='ltr'>posita</span> <span class='ocrx_word' id='word_1_69' title='bbox 1144 1792 1223 1867; x_wconf 65' lang='grc' dir='ltr'>αις</span> <span class='ocrx_word' id='word_1_70' title='bbox 1238 1804 1316 1851; x_wconf 88' lang='lat' dir='ltr'>eum</span> 
     </span>
     <span class='ocr_line' id='line_1_11' title="bbox 256 1894 1316 1997; baseline 0 -28"><span class='ocrx_word' id='word_1_71' title='bbox 256 1896 329 1986; x_wconf 91' lang='lat' dir='ltr'>ihi,</span> <span class='ocrx_word' id='word_1_72' title='bbox 347 1924 417 1997; x_wconf 92' lang='lat' dir='ltr'>pro</span> <span class='ocrx_word' id='word_1_73' title='bbox 432 1897 630 1971; x_wconf 80' lang='lat' dir='ltr'>calamitate</span> <span class='ocrx_word' id='word_1_74' title='bbox 643 1922 752 1997; x_wconf 89' lang='lat' dir='ltr'>quam</span> <span class='ocrx_word' id='word_1_75' title='bbox 771 1895 988 1997; x_wconf 70' lang='lat' dir='ltr'>patiebatur,</span> <span class='ocrx_word' id='word_1_76' title='bbox 1007 1894 1156 1971; x_wconf 84' lang='lat' dir='ltr'>Domini</span> <span class='ocrx_word' id='word_1_77' title='bbox 1175 1894 1316 1969; x_wconf 84' lang='lat' dir='ltr'>miscri-</span> 
     </span>
     <span class='ocr_line' id='line_1_12' title="bbox 258 2011 1316 2114; baseline 0 -29"><span class='ocrx_word' id='word_1_78' title='bbox 258 2013 417 2087; x_wconf 89' lang='lat' dir='ltr'>cordiam</span> <span class='ocrx_word' id='word_1_79' title='bbox 437 2025 473 2088; x_wconf 87' lang='lat' dir='ltr'>et</span> <span class='ocrx_word' id='word_1_80' title='bbox 491 2011 615 2087; x_wconf 85' lang='lat' dir='ltr'>beatos</span> <span class='ocrx_word' id='word_1_81' title='bbox 632 2013 811 2114; x_wconf 79' lang='lat' dir='ltr'>Martyres</span> <span class='ocrx_word' id='word_1_82' title='bbox 834 2013 1051 2099; x_wconf 79' lang='lat' dir='ltr'>invocasset,</span> <span class='ocrx_word' id='word_1_83' title='bbox 1068 2011 1133 2085; x_wconf 93' lang='lat' dir='ltr'>diu</span> <span class='ocrx_word' id='word_1_84' title='bbox 1149 2025 1316 2113; x_wconf 74' lang='lat' dir='ltr'>negatum</span> 
     </span>
     <span class='ocr_line' id='line_1_13' title="bbox 259 2126 1318 2229; baseline 0.002 -28"><span class='ocrx_word' id='word_1_85' title='bbox 259 2127 381 2204; x_wconf 89' lang='lat' dir='ltr'>lumen</span> <span class='ocrx_word' id='word_1_86' title='bbox 398 2155 482 2201; x_wconf 87' lang='lat' dir='ltr'>curn</span> <span class='ocrx_word' id='word_1_87' title='bbox 499 2129 624 2203; x_wconf 82' lang='lat' dir='ltr'>laetitia</span> <span class='ocrx_word' id='word_1_88' title='bbox 636 2129 796 2229; x_wconf 85' lang='lat' dir='ltr'>recipere</span> <span class='ocrx_word' id='word_1_89' title='bbox 808 2130 954 2204; x_wconf 84' lang='lat' dir='ltr'>meruit.</span> <span class='ocrx_word' id='word_1_90' title='bbox 977 2128 1114 2223; x_wconf 79' lang='lat' dir='ltr'>Quarta</span> <span class='ocrx_word' id='word_1_91' title='bbox 1126 2142 1250 2205; x_wconf 81' lang='lat' dir='ltr'>aulem</span> <span class='ocrx_word' id='word_1_92' title='bbox 1264 2126 1318 2203; x_wconf 83' lang='lat' dir='ltr'>dis</span> 
     </span>
     <span class='ocr_line' id='line_1_14' title="bbox 258 2243 1317 2347; baseline 0.001 -31"><span class='ocrx_word' id='word_1_93' title='bbox 258 2261 451 2345; x_wconf 82' lang='lat' dir='ltr'>postquam</span> <span class='ocrx_word' id='word_1_94' title='bbox 463 2243 533 2319; x_wconf 88' lang='lat' dir='ltr'>hoc</span> <span class='ocrx_word' id='word_1_95' title='bbox 544 2244 688 2347; x_wconf 84' lang='lat' dir='ltr'>signum</span> <span class='ocrx_word' id='word_1_96' title='bbox 697 2245 856 2321; x_wconf 87' lang='lat' dir='ltr'>Domino</span> <span class='ocrx_word' id='word_1_97' title='bbox 866 2245 1011 2321; x_wconf 78' lang='lat' dir='ltr'>volente</span> <span class='ocrx_word' id='word_1_98' title='bbox 1020 2244 1194 2347; x_wconf 80' lang='lat' dir='ltr'>contigit,</span> <span class='ocrx_word' id='word_1_99' title='bbox 1208 2244 1317 2336; x_wconf 79' lang='lat' dir='ltr'>idest,</span> 
     </span>
     <span class='ocr_line' id='line_1_15' title="bbox 258 2362 1320 2465; baseline 0.003 -30"><span class='ocrx_word' id='word_1_100' title='bbox 258 2364 376 2462; x_wconf 85' lang='lat' dir='ltr'>pridie</span> <span class='ocrx_word' id='word_1_101' title='bbox 396 2362 562 2438; x_wconf 84' lang='lat' dir='ltr'>kalendas</span> <span class='ocrx_word' id='word_1_102' title='bbox 584 2363 764 2453; x_wconf 78' lang='lat' dir='ltr'>octobris,</span> <span class='ocrx_word' id='word_1_103' title='bbox 792 2364 956 2465; x_wconf 86' lang='lat' dir='ltr'>quaedam</span> <span class='ocrx_word' id='word_1_104' title='bbox 982 2362 1176 2437; x_wconf 78' lang='lat' dir='ltr'>ancillas.</span> <span class='ocrx_word' id='word_1_105' title='bbox 1206 2362 1320 2439; x_wconf 81' lang='lat' dir='ltr'>Baro-</span> 
     </span>
     <span class='ocr_line' id='line_1_16' title="bbox 258 2476 1320 2581; baseline 0 -29"><span class='ocrx_word' id='word_1_106' title='bbox 258 2480 334 2569; x_wconf 92' lang='lat' dir='ltr'>nis,</span> <span class='ocrx_word' id='word_1_107' title='bbox 353 2479 529 2555; x_wconf 89' lang='lat' dir='ltr'>vocabulo</span> <span class='ocrx_word' id='word_1_108' title='bbox 549 2478 760 2570; x_wconf 77' lang='lat' dir='ltr'>(landrada,</span> <span class='ocrx_word' id='word_1_109' title='bbox 780 2478 923 2556; x_wconf 84' lang='lat' dir='ltr'>devilia</span> <span class='ocrx_word' id='word_1_110' title='bbox 945 2476 1221 2581; x_wconf 81' lang='lat' dir='ltr'>Aldingaheim,</span> <span class='ocrx_word' id='word_1_111' title='bbox 1241 2506 1320 2579; x_wconf 79' lang='lat' dir='ltr'>quae</span> 
     </span>
     <span class='ocr_line' id='line_1_17' title="bbox 261 2582 1319 2685; baseline 0.002 -17"><span class='ocrx_word' id='word_1_112' title='bbox 261 2594 377 2669; x_wconf 90' lang='lat' dir='ltr'>trihus</span> <span class='ocrx_word' id='word_1_113' title='bbox 401 2594 478 2671; x_wconf 84' lang='lat' dir='ltr'>fere</span> <span class='ocrx_word' id='word_1_114' title='bbox 502 2596 606 2669; x_wconf 90' lang='lat' dir='ltr'>annis</span> <span class='ocrx_word' id='word_1_115' title='bbox 627 2596 740 2673; x_wconf 88' lang='lat' dir='ltr'>solem</span> <span class='ocrx_word' id='word_1_116' title='bbox 764 2582 840 2669; x_wconf 86' lang='lat' dir='ltr'>non¹</span> <span class='ocrx_word' id='word_1_117' title='bbox 863 2594 1022 2685; x_wconf 84' lang='lat' dir='ltr'>viderat,</span> <span class='ocrx_word' id='word_1_118' title='bbox 1048 2592 1112 2667; x_wconf 90' lang='lat' dir='ltr'>uhi</span> <span class='ocrx_word' id='word_1_119' title='bbox 1137 2622 1177 2669; x_wconf 86' lang='lat' dir='ltr'>se</span> <span class='ocrx_word' id='word_1_120' title='bbox 1200 2620 1319 2669; x_wconf 77' lang='lat' dir='ltr'>comm</span> 
     </span>
     <span class='ocr_line' id='line_1_18' title="bbox 258 2712 1317 2815; baseline 0 -30"><span class='ocrx_word' id='word_1_121' title='bbox 258 2714 360 2787; x_wconf 78' lang='lat' dir='ltr'>altari</span> <span class='ocrx_word' id='word_1_122' title='bbox 380 2713 424 2787; x_wconf 93' lang='lat' dir='ltr'>ad</span> <span class='ocrx_word' id='word_1_123' title='bbox 441 2715 621 2788; x_wconf 83' lang='lat' dir='ltr'>orandum</span> <span class='ocrx_word' id='word_1_124' title='bbox 638 2715 852 2815; x_wconf 81' lang='lat' dir='ltr'>prostravit,</span> <span class='ocrx_word' id='word_1_125' title='bbox 878 2713 1000 2788; x_wconf 89' lang='lat' dir='ltr'>lumen</span> <span class='ocrx_word' id='word_1_126' title='bbox 1022 2712 1123 2813; x_wconf 89' lang='lat' dir='ltr'>quod</span> <span class='ocrx_word' id='word_1_127' title='bbox 1139 2712 1317 2802; x_wconf 77' lang='lat' dir='ltr'>amiserat,</span> 
     </span>
     <span class='ocr_line' id='line_1_19' title="bbox 259 2828 1320 2930; baseline 0.002 -29"><span class='ocrx_word' id='word_1_128' title='bbox 259 2828 403 2906; x_wconf 74' lang='lat' dir='ltr'>Christo</span> <span class='ocrx_word' id='word_1_129' title='bbox 426 2831 584 2906; x_wconf 88' lang='lat' dir='ltr'>Domino</span> <span class='ocrx_word' id='word_1_130' title='bbox 603 2858 668 2930; x_wconf 89' lang='lat' dir='ltr'>per</span> <span class='ocrx_word' id='word_1_131' title='bbox 689 2831 817 2906; x_wconf 84' lang='lat' dir='ltr'>merita</span> <span class='ocrx_word' id='word_1_132' title='bbox 839 2830 1055 2905; x_wconf 69' lang='lat' dir='ltr'>sannorum</span> <span class='ocrx_word' id='word_1_133' title='bbox 1076 2854 1229 2905; x_wconf 87' lang='lat' dir='ltr'>suorum</span> <span class='ocrx_word' id='word_1_134' title='bbox 1249 2830 1320 2904; x_wconf 86' lang='lat' dir='ltr'>lar-</span> 
     </span>
     <span class='ocr_line' id='line_1_20' title="bbox 259 2947 565 3048; baseline 0 -29"><span class='ocrx_word' id='word_1_135' title='bbox 259 2947 401 3047; x_wconf 82' lang='lat' dir='ltr'>giente,</span> <span class='ocrx_word' id='word_1_136' title='bbox 419 2949 565 3048; x_wconf 86' lang='lat' dir='ltr'>recepit.</span> 
     </span>
    </p>
   </div>
   <div class='ocr_carea' id='block_1_3' title="bbox 685 3468 889 3531">
    <p class='ocr_par' dir='ltr' id='par_1_4' title="bbox 685 3468 889 3531">
     <span class='ocr_line' id='line_1_21' title="bbox 685 3468 889 3531; baseline -0.005 -2"><span class='ocrx_word' id='word_1_137' title='bbox 685 3469 811 3530; x_wconf 77' lang='lat' dir='ltr'><strong>CAPUT</strong></span> <span class='ocrx_word' id='word_1_138' title='bbox 833 3468 889 3531; x_wconf 84' lang='lat' dir='ltr'>lx.</span> 
     </span>
    </p>
   </div>
   <div class='ocr_carea' id='block_1_4' title="bbox 261 3686 1323 3874">
    <p class='ocr_par' dir='ltr' id='par_1_5' title="bbox 261 3686 1323 3874">
     <span class='ocr_line' id='line_1_22' title="bbox 261 3686 1323 3771; baseline -0.001 -21"><span class='ocrx_word' id='word_1_139' title='bbox 261 3690 304 3750; x_wconf 78' lang='lat' dir='ltr'>Ad</span> <span class='ocrx_word' id='word_1_140' title='bbox 316 3689 451 3771; x_wconf 85' lang='lat' dir='ltr'>reliquias</span> <span class='ocrx_word' id='word_1_141' title='bbox 464 3690 589 3768; x_wconf 73' lang='lat' dir='ltr'>Traiecti</span> <span class='ocrx_word' id='word_1_142' title='bbox 601 3688 744 3770; x_wconf 77' lang='lat' dir='ltr'>depositas</span> <span class='ocrx_word' id='word_1_143' title='bbox 758 3691 852 3750; x_wconf 76' lang='lat' dir='ltr'>seneli</span> <span class='ocrx_word' id='word_1_144' title='bbox 864 3690 948 3763; x_wconf 76' lang='lat' dir='ltr'>cuci,</span> <span class='ocrx_word' id='word_1_145' title='bbox 964 3686 1058 3763; x_wconf 84' lang='lat' dir='ltr'>surdi,</span> <span class='ocrx_word' id='word_1_146' title='bbox 1071 3688 1159 3761; x_wconf 81' lang='lat' dir='ltr'>muti,</span> <span class='ocrx_word' id='word_1_147' title='bbox 1171 3688 1323 3761; x_wconf 76' lang='lat' dir='ltr'>mulneli,</span> 
     </span>
     <span class='ocr_line' id='line_1_23' title="bbox 705 3792 868 3874; baseline 0 -23"><span class='ocrx_word' id='word_1_148' title='bbox 705 3792 868 3874; x_wconf 81' lang='lat' dir='ltr'>paralylici.</span> 
     </span>
    </p>
   </div>
   <div class='ocr_carea' id='block_1_5' title="bbox 262 3992 1326 4330">
    <p class='ocr_par' dir='ltr' id='par_1_6' title="bbox 262 3992 1326 4330">
     <span class='ocr_line' id='line_1_24' title="bbox 309 3992 1325 4097; baseline -0.005 -26"><span class='ocrx_word' id='word_1_149' title='bbox 309 4000 369 4071; x_wconf 83' lang='lat' dir='ltr'>8l.</span> <span class='ocrx_word' id='word_1_150' title='bbox 391 3996 557 4070; x_wconf 71' lang='lat' dir='ltr'>&#39;lernam</span> <span class='ocrx_word' id='word_1_151' title='bbox 571 4020 719 4097; x_wconf 91' lang='lat' dir='ltr'>quoque</span> <span class='ocrx_word' id='word_1_152' title='bbox 736 3992 900 4070; x_wconf 87' lang='lat' dir='ltr'>libellum</span> <span class='ocrx_word' id='word_1_153' title='bbox 915 3992 1127 4069; x_wconf 87' lang='lat' dir='ltr'>detulerunt</span> <span class='ocrx_word' id='word_1_154' title='bbox 1143 3992 1236 4068; x_wconf 91' lang='lat' dir='ltr'>mihi</span> <span class='ocrx_word' id='word_1_155' title='bbox 1253 3992 1325 4067; x_wconf 82' lang='lat' dir='ltr'>lra-</span> 
     </span>
     <span class='ocr_line' id='line_1_25' title="bbox 262 4108 1326 4213; baseline 0 -30"><span class='ocrx_word' id='word_1_156' title='bbox 262 4128 332 4185; x_wconf 79' lang='lat' dir='ltr'>tres</span> <span class='ocrx_word' id='word_1_157' title='bbox 354 4113 398 4187; x_wconf 87' lang='lat' dir='ltr'>de</span> <span class='ocrx_word' id='word_1_158' title='bbox 420 4114 640 4189; x_wconf 88' lang='lat' dir='ltr'>monasterio</span> <span class='ocrx_word' id='word_1_159' title='bbox 659 4115 697 4187; x_wconf 89' lang='lat' dir='ltr'>S.</span> <span class='ocrx_word' id='word_1_160' title='bbox 720 4112 872 4186; x_wconf 77' lang='lat' dir='ltr'>Servalii</span> <span class='ocrx_word' id='word_1_161' title='bbox 898 4110 1133 4199; x_wconf 79' lang='lat' dir='ltr'>confessoris,</span> <span class='ocrx_word' id='word_1_162' title='bbox 1154 4108 1258 4213; x_wconf 86' lang='lat' dir='ltr'>quod</span> <span class='ocrx_word' id='word_1_163' title='bbox 1274 4110 1326 4183; x_wconf 84' lang='lat' dir='ltr'>si-</span> 
     </span>
     <span class='ocr_line' id='line_1_26' title="bbox 263 4226 1326 4330; baseline 0 -31"><span class='ocrx_word' id='word_1_164' title='bbox 263 4246 339 4301; x_wconf 79' lang='lat' dir='ltr'>lum</span> <span class='ocrx_word' id='word_1_165' title='bbox 354 4246 406 4303; x_wconf 79' lang='lat' dir='ltr'>est</span> <span class='ocrx_word' id='word_1_166' title='bbox 424 4232 459 4303; x_wconf 91' lang='lat' dir='ltr'>in</span> <span class='ocrx_word' id='word_1_167' title='bbox 481 4232 556 4330; x_wconf 88' lang='lat' dir='ltr'>ripa</span> <span class='ocrx_word' id='word_1_168' title='bbox 578 4233 690 4308; x_wconf 83' lang='lat' dir='ltr'>Mosae</span> <span class='ocrx_word' id='word_1_169' title='bbox 709 4230 887 4319; x_wconf 86' lang='lat' dir='ltr'>lluminis,</span> <span class='ocrx_word' id='word_1_170' title='bbox 909 4230 947 4301; x_wconf 93' lang='lat' dir='ltr'>in</span> <span class='ocrx_word' id='word_1_171' title='bbox 967 4228 1047 4303; x_wconf 83' lang='lat' dir='ltr'>vico</span> <span class='ocrx_word' id='word_1_172' title='bbox 1064 4228 1128 4329; x_wconf 85' lang='lat' dir='ltr'>qui</span> <span class='ocrx_word' id='word_1_173' title='bbox 1148 4226 1326 4329; x_wconf 82' lang='lat' dir='ltr'>hodieque</span> 
     </span>
    </p>
   </div>
   <div class='ocr_carea' id='block_1_6' title="bbox 0 0 1607 5280">
    <p class='ocr_par' dir='ltr' id='par_1_7' title="bbox 0 0 1607 5280">
     <span class='ocr_line' id='line_1_27' title="bbox 0 0 1607 5280; baseline 0 0"><span class='ocrx_word' id='word_1_174' title='bbox 0 0 1607 5280; x_wconf 95' lang='lat' dir='ltr'> </span> 
     </span>
    </p>
   </div>
  </div>
 </body>
</html>
