3166 5280
250 393 290 453 ³6
574 390 767 455 Etltflsltnt
790 385 995 450 EPISTOLAE.

252 523 355 597 sunt,
370 507 537 583 volumus
547 526 589 584 ut
598 510 732 585 dentur
742 508 786 583 ad
799 509 897 583 illam
905 506 1079 581 familiam
1090 529 1173 605 quae
1184 499 1321 576 ibidem

251 640 318 698 est.
332 623 407 698 Nos
419 649 525 718 vero,
538 624 698 701 Domino
709 624 898 726 adjuvante
906 676 918 711 ,
931 623 960 695 si
973 623 1046 694 vita
1057 643 1178 695 comes
1191 617 1319 705 fuerit,

251 742 431 832 volumus,
445 742 540 816 circa
551 745 696 817 missam
709 743 822 817 sancti
835 741 1003 829 Martini,
1016 740 1060 812 ad
1071 735 1246 838 palatium
1256 759 1320 808 ve·

252 860 357 933 nire:
379 875 416 933 et
429 860 510 935 ideo
522 861 690 937 volumus
703 877 746 934 ut
758 859 836 935 haec
853 860 974 934 omnia
987 854 1197 958 junioribus
1212 853 1321 928 etiam

252 989 338 1048 nota
356 974 483 1063 facias,
498 975 619 1078 eisque
632 1001 675 1049 ex
686 973 798 1050 verbo
815 988 942 1051 nostro
958 970 1145 1072 praecipias
1159 983 1204 1042 ut
1220 967 1321 1041 simi-

251 1089 396 1165 litarde
417 1117 570 1192 expensa
590 1106 714 1168 nostra
726 1091 880 1181 faciant,
895 1092 988 1164 sicut
1006 1105 1041 1164 te
1058 1087 1176 1163 facere
1192 1084 1322 1187 praeci-

252 1206 385 1304 pimus.
403 1206 502 1281 Bene
516 1206 606 1280 vale.

381 1444 494 1507 XXIV.
516 1445 567 1506 AD
589 1445 793 1523 QUEMDAM
814 1443 1043 1507 MINISTRUM
1064 1441 1187 1503 SUUM.

182 1680 186 1692 ,
299 1608 342 1680 ln
356 1605 489 1681 Christi
506 1608 670 1695 nomine,
689 1605 908 1695 Einhardus,
929 1605 1048 1678 dictus
1064 1602 1193 1693 abbas,
1214 1601 1264 1676 N.
1283 1600 1322 1673 in

252 1722 412 1796 Domino
433 1721 598 1796 salutem.
623 1765 673 1780 -
694 1720 834 1796 Notum
855 1718 924 1793 tibi
949 1720 1100 1794 facimus
1120 1717 1221 1821 quod
1241 1740 1321 1790 uera

253 1838 456 1937 indigemus
473 1836 517 1909 ad
533 1838 721 1911 servitium
737 1852 926 1924 nostrum,
944 1851 981 1910 et
995 1835 1064 1911 hoc
1082 1837 1120 1909 in
1142 1832 1219 1907 istis
1232 1830 1321 1906 locis

253 1979 466 2052 recuperare
492 1979 569 2028 non
599 1980 812 2053 possumus,
842 1955 925 2055 quia
959 1980 1089 2054 parvus
1119 1966 1320 2053 proventus

252 2070 369 2144 mellis
379 2069 450 2142 fuit
463 2096 529 2169 per
542 2070 607 2146 hos
616 2070 707 2146 duos
718 2099 833 2147 annos
846 2072 884 2145 in
903 2073 978 2146 istis
993 2067 1217 2172 regionibus.
1235 2065 1320 2141 ldeo

40 2183 43 2193 '
160 2222 163 2226 ·
251 2186 421 2262 volumus
439 2201 482 2260 ut
505 2201 635 2261 tractes
648 2203 755 2290 atque
769 2190 971 2264 consideres
990 2213 1073 2261 cum
1086 2186 1134 2261 N.
1148 2185 1319 2287 qualiter,

251 2303 281 2377 si
307 2302 387 2379 lieri
410 2319 551 2404 potest,
577 2331 686 2378 unam
710 2321 905 2380 saumatam
919 2307 974 2406 (ι)
992 2303 1100 2381 nobis
1123 2301 1249 2377 venire
1265 2300 1321 2401 (a)

249 2421 388 2495 faciatis
401 2423 509 2496 simul
531 2448 614 2495 cum
634 2422 772 2496 vasallis
791 2425 926 2498 nostris
936 2477 948 2513 ,
965 2424 1028 2523 qui
1046 2419 1090 2495 ad
1104 2445 1171 2495 nos
1186 2417 1233 2492 de
1246 2418 1322 2492 istis

250 2537 435 2639 partibus,
461 2557 546 2642 post
567 2540 711 2614 missam
732 2542 846 2616 sancti
870 2541 1042 2629 Bavonis,
1067 2550 1319 2613 revertuntur.

250 2655 348 2734 Bene
363 2657 441 2734 vale
457 2676 495 2734 et
509 2685 573 2735 ora
590 2686 660 2760 pro
676 2658 796 2735 nobis.

541 2893 637 2958 XXV.
660 2898 711 2958 ln
733 2897 771 2960 N.
794 2895 1026 2958 EPISCOPUM.

703 3054 748 3113 De
767 3055 863 3118 venia.

303 3211 462 3288 Domino
478 3228 603 3287 sancto
620 3228 656 3287 et
677 3214 810 3289 merito
825 3213 1021 3290 venerabili
1042 3215 1103 3305 N„
1123 3214 1323 3290 reverendo

250 3331 482 3434 [episeopo],
514 3331 718 3406 Einhanlus
747 3349 927 3434 peccator.
945 3333 1170 3429 -Quidam
1201 3360 1325 3408 servus

252 3451 393 3524 Sanctae
404 3447 543 3538 Mariae,
559 3449 708 3525 nomine
726 3449 774 3524 N.
780 3502 791 3541 ,
806 3451 850 3524 ad
866 3467 994 3526 vestrae
1006 3450 1203 3526 sanctitatis
1217 3451 1325 3550 perti·

252 3594 343 3643 nens
369 3582 602 3667 potestatem,
633 3570 735 3642 venit
755 3568 800 3643 ad
826 3570 951 3644 limina
973 3569 1164 3646 beatorum
1187 3567 1323 3644 Christi

254 3697 459 3784 martyrum
468 3682 669 3756 Marcellini
685 3698 722 3757 et
738 3686 857 3776 Petri,
877 3713 945 3785 pro
962 3685 1093 3764 scelere
1110 3683 1210 3787 quod
1222 3711 1323 3760 com·

255 3800 356 3875 misit
377 3796 628 3874 interficiendo
654 3802 792 3875 socium
813 3829 918 3876 suum
940 3820 1093 3905 propter
1117 3799 1324 3876 scandalum

293 4062 333 4131 (ι)
348 4059 420 4116 eod.
433 4070 599 4117 somatum.

292 4149 334 4221 (a)
348 4149 413 4204 Hac
426 4150 520 4206 vorin
530 4149 614 4208 editi·
625 4149 808 4209 desideratur.
