<?xml version="1.0" encoding="UTF-8"?>
<!DOCTYPE html PUBLIC "-//W3C//DTD XHTML 1.0 Transitional//EN"
    "http://www.w3.org/TR/xhtml1/DTD/xhtml1-transitional.dtd">
<html xmlns="http://www.w3.org/1999/xhtml" xml:lang="en" lang="en">
 <head>
  <title>
</title>
<meta http-equiv="Content-Type" content="text/html;charset=utf-8" />
  <meta name='ocr-system' content='tesseract 3.04.00' />
  <meta name='ocr-capabilities' content='ocr_page ocr_carea ocr_par ocr_line ocrx_word'/>
</head>
<body>
  <div class='ocr_page' id='page_1' title='image "./einhardiomniaqu00einhgoog_0189.png"; bbox 0 0 3090 5302; ppageno 0'>
   <div class='ocr_carea' id='block_1_1' title="bbox 374 512 1153 578">
    <p class='ocr_par' dir='ltr' id='par_1_1' title="bbox 374 512 1153 578">
     <span class='ocr_line' id='line_1_1' title="bbox 374 512 1153 578; baseline 0.01 -8"><span class='ocrx_word' id='word_1_1' title='bbox 374 514 433 570; x_wconf 70' lang='lat'>172</span> <span class='ocrx_word' id='word_1_2' title='bbox 662 513 712 570; x_wconf 81' lang='lat' dir='ltr'>An</span> <span class='ocrx_word' id='word_1_3' title='bbox 735 512 927 575; x_wconf 74' lang='lat' dir='ltr'>alunnum</span> <span class='ocrx_word' id='word_1_4' title='bbox 951 514 1153 578; x_wconf 73' lang='lat' dir='ltr'>autsrotns</span> 
     </span>
    </p>
   </div>
   <div class='ocr_carea' id='block_1_2' title="bbox 375 629 1453 3766">
    <p class='ocr_par' dir='ltr' id='par_1_2' title="bbox 375 629 1453 3766">
     <span class='ocr_line' id='line_1_2' title="bbox 376 629 1442 730; baseline 0.01 -34"><span class='ocrx_word' id='word_1_5' title='bbox 376 629 519 720; x_wconf 74' lang='lat' dir='ltr'>indigeo.</span> <span class='ocrx_word' id='word_1_6' title='bbox 549 631 585 696; x_wconf 94' lang='lat' dir='ltr'>ln</span> <span class='ocrx_word' id='word_1_7' title='bbox 607 631 744 699; x_wconf 86' lang='lat' dir='ltr'>Victorii</span> <span class='ocrx_word' id='word_1_8' title='bbox 761 658 892 726; x_wconf 90' lang='lat' dir='ltr'>quoque</span> <span class='ocrx_word' id='word_1_9' title='bbox 913 636 1095 719; x_wconf 88' lang='lat' dir='ltr'>calculum,</span> <span class='ocrx_word' id='word_1_10' title='bbox 1123 639 1241 730; x_wconf 80' lang='lat' dir='ltr'>praevia</span> <span class='ocrx_word' id='word_1_11' title='bbox 1258 640 1321 705; x_wconf 92' lang='lat' dir='ltr'>Dei</span> <span class='ocrx_word' id='word_1_12' title='bbox 1339 641 1442 728; x_wconf 75' lang='lat' dir='ltr'>gratis</span> 
     </span>
     <span class='ocr_line' id='line_1_3' title="bbox 375 746 1441 845; baseline 0.015 -39"><span class='ocrx_word' id='word_1_13' title='bbox 375 761 542 836; x_wconf 78' lang='lat' dir='ltr'>vestraque</span> <span class='ocrx_word' id='word_1_14' title='bbox 566 746 736 830; x_wconf 86' lang='lat' dir='ltr'>doctriua,</span> <span class='ocrx_word' id='word_1_15' title='bbox 765 751 893 842; x_wconf 80' lang='lat' dir='ltr'>ingredi</span> <span class='ocrx_word' id='word_1_16' title='bbox 918 755 1025 843; x_wconf 86' lang='lat' dir='ltr'>cupio.</span> <span class='ocrx_word' id='word_1_17' title='bbox 1048 754 1239 845; x_wconf 79' lang='lat' dir='ltr'><strong>Quinetiam</strong></span> <span class='ocrx_word' id='word_1_18' title='bbox 1261 755 1295 820; x_wconf 91' lang='lat' dir='ltr'>in</span> <span class='ocrx_word' id='word_1_19' title='bbox 1323 755 1441 844; x_wconf 85' lang='lat' dir='ltr'>bujus·</span> 
     </span>
     <span class='ocr_line' id='line_1_4' title="bbox 375 860 1443 963; baseline 0.012 -37"><span class='ocrx_word' id='word_1_20' title='bbox 375 860 464 927; x_wconf 89' lang='lat' dir='ltr'>modi</span> <span class='ocrx_word' id='word_1_21' title='bbox 477 860 688 945; x_wconf 83' lang='lat' dir='ltr'>dictionibus,</span> <span class='ocrx_word' id='word_1_22' title='bbox 702 882 738 933; x_wconf 88' lang='lat' dir='ltr'>ut</span> <span class='ocrx_word' id='word_1_23' title='bbox 752 882 799 933; x_wconf 87' lang='lat' dir='ltr'>est</span> <span class='ocrx_word' id='word_1_24' title='bbox 815 885 983 949; x_wconf 81' lang='lat' dir='ltr'><strong><em>aratrum,</em></strong></span> <span class='ocrx_word' id='word_1_25' title='bbox 997 868 1158 950; x_wconf 63' lang='lat' dir='ltr'>salubris,</span> <span class='ocrx_word' id='word_1_26' title='bbox 1173 884 1206 938; x_wconf 90' lang='lat' dir='ltr'>et</span> <span class='ocrx_word' id='word_1_27' title='bbox 1217 870 1358 951; x_wconf 77' lang='lat' dir='ltr'>similia,</span> <span class='ocrx_word' id='word_1_28' title='bbox 1372 894 1443 963; x_wconf 78' lang='lat' dir='ltr'>que</span> 
     </span>
     <span class='ocr_line' id='line_1_5' title="bbox 376 977 1443 1080; baseline 0.013 -37"><span class='ocrx_word' id='word_1_29' title='bbox 376 1004 441 1045; x_wconf 71' lang='lat' dir='ltr'>raon</span> <span class='ocrx_word' id='word_1_30' title='bbox 461 979 558 1071; x_wconf 91' lang='lat' dir='ltr'>modo</span> <span class='ocrx_word' id='word_1_31' title='bbox 573 977 826 1073; x_wconf 84' lang='lat' dir='ltr'>positione,&#39;sed</span> <span class='ocrx_word' id='word_1_32' title='bbox 845 988 940 1053; x_wconf 89' lang='lat' dir='ltr'>etiam</span> <span class='ocrx_word' id='word_1_33' title='bbox 961 1002 1076 1053; x_wconf 89' lang='lat' dir='ltr'>natura</span> <span class='ocrx_word' id='word_1_34' title='bbox 1094 987 1308 1080; x_wconf 78' lang='lat' dir='ltr'>penultimam</span> <span class='ocrx_word' id='word_1_35' title='bbox 1327 988 1443 1056; x_wconf 78' lang='lat' dir='ltr'>riden-</span> 
     </span>
     <span class='ocr_line' id='line_1_6' title="bbox 377 1097 1444 1197; baseline 0.011 -36"><span class='ocrx_word' id='word_1_36' title='bbox 377 1111 430 1162; x_wconf 82' lang='lat' dir='ltr'>tur</span> <span class='ocrx_word' id='word_1_37' title='bbox 456 1097 576 1166; x_wconf 88' lang='lat' dir='ltr'>habere</span> <span class='ocrx_word' id='word_1_38' title='bbox 594 1100 804 1191; x_wconf 89' lang='lat' dir='ltr'>productam,</span> <span class='ocrx_word' id='word_1_39' title='bbox 820 1128 939 1194; x_wconf 79' lang='lat' dir='ltr'>magna</span> <span class='ocrx_word' id='word_1_40' title='bbox 963 1104 1120 1171; x_wconf 83' lang='lat' dir='ltr'>haesitatio</span> <span class='ocrx_word' id='word_1_41' title='bbox 1149 1119 1216 1187; x_wconf 89' lang='lat' dir='ltr'>est,</span> <span class='ocrx_word' id='word_1_42' title='bbox 1241 1107 1275 1173; x_wconf 92' lang='lat' dir='ltr'>in</span> <span class='ocrx_word' id='word_1_43' title='bbox 1300 1128 1368 1197; x_wconf 77' lang='lat' dir='ltr'>qua</span> <span class='ocrx_word' id='word_1_44' title='bbox 1394 1130 1444 1172; x_wconf 87' lang='lat' dir='ltr'>me</span> 
     </span>
     <span class='ocr_line' id='line_1_7' title="bbox 378 1210 1444 1309; baseline 0.01 -33"><span class='ocrx_word' id='word_1_45' title='bbox 378 1210 486 1280; x_wconf 86' lang='lat' dir='ltr'>adhue</span> <span class='ocrx_word' id='word_1_46' title='bbox 511 1213 659 1282; x_wconf 87' lang='lat' dir='ltr'>laborare</span> <span class='ocrx_word' id='word_1_47' title='bbox 677 1217 852 1309; x_wconf 87' lang='lat' dir='ltr'>profiteor:</span> <span class='ocrx_word' id='word_1_48' title='bbox 876 1234 1062 1287; x_wconf 89' lang='lat' dir='ltr'>utrumnam</span> <span class='ocrx_word' id='word_1_49' title='bbox 1088 1235 1211 1287; x_wconf 75' lang='lat' dir='ltr'>naturae</span> <span class='ocrx_word' id='word_1_50' title='bbox 1237 1219 1444 1288; x_wconf 81' lang='lat' dir='ltr'>sarriendum</span> 
     </span>
     <span class='ocr_line' id='line_1_8' title="bbox 377 1331 1445 1430; baseline 0.007 -35"><span class='ocrx_word' id='word_1_51' title='bbox 377 1331 418 1396; x_wconf 85' lang='lat' dir='ltr'>sit</span> <span class='ocrx_word' id='word_1_52' title='bbox 430 1380 439 1411; x_wconf 93' lang='lat'>,</span> <span class='ocrx_word' id='word_1_53' title='bbox 453 1345 490 1397; x_wconf 86' lang='lat' dir='ltr'>ut</span> <span class='ocrx_word' id='word_1_54' title='bbox 505 1332 696 1423; x_wconf 90' lang='lat' dir='ltr'>penultima,</span> <span class='ocrx_word' id='word_1_55' title='bbox 714 1351 750 1402; x_wconf 88' lang='lat' dir='ltr'>ut</span> <span class='ocrx_word' id='word_1_56' title='bbox 765 1351 833 1416; x_wconf 87' lang='lat' dir='ltr'>est,</span> <span class='ocrx_word' id='word_1_57' title='bbox 853 1336 952 1428; x_wconf 74' lang='lat' dir='ltr'>longa</span> <span class='ocrx_word' id='word_1_58' title='bbox 969 1339 1218 1430; x_wconf 82' lang='lat' dir='ltr'>pronuntietur3</span> <span class='ocrx_word' id='word_1_59' title='bbox 1236 1361 1293 1420; x_wconf 90' lang='lat' dir='ltr'>an,</span> <span class='ocrx_word' id='word_1_60' title='bbox 1312 1352 1445 1429; x_wconf 88' lang='lat' dir='ltr'>propter</span> 
     </span>
     <span class='ocr_line' id='line_1_9' title="bbox 379 1443 1446 1546; baseline 0.007 -36"><span class='ocrx_word' id='word_1_61' title='bbox 379 1443 461 1512; x_wconf 92' lang='lat' dir='ltr'>illud</span> <span class='ocrx_word' id='word_1_62' title='bbox 473 1448 715 1537; x_wconf 86' lang='lat' dir='ltr'>quodDonatus</span> <span class='ocrx_word' id='word_1_63' title='bbox 728 1453 773 1519; x_wconf 88' lang='lat' dir='ltr'>ait</span> <span class='ocrx_word' id='word_1_64' title='bbox 781 1480 788 1519; x_wconf 90' lang='lat'><strong>:</strong></span> <span class='ocrx_word' id='word_1_65' title='bbox 796 1481 860 1516; x_wconf 78' lang='grc' dir='ltr'>-α</span> <span class='ocrx_word' id='word_1_66' title='bbox 870 1454 904 1520; x_wconf 89' lang='lat' dir='ltr'>Si</span> <span class='ocrx_word' id='word_1_67' title='bbox 913 1452 1093 1544; x_wconf 87' lang='lat' dir='ltr'>penultima</span> <span class='ocrx_word' id='word_1_68' title='bbox 1099 1454 1259 1546; x_wconf 88' lang='lat' dir='ltr'>positione</span> <span class='ocrx_word' id='word_1_69' title='bbox 1268 1451 1446 1542; x_wconf 74' lang='lat' dir='ltr'>longalue·</span> 
     </span>
     <span class='ocr_line' id='line_1_10' title="bbox 380 1564 1446 1662; baseline 0.008 -34"><span class='ocrx_word' id='word_1_70' title='bbox 380 1564 433 1643; x_wconf 86' lang='lat' dir='ltr'>rit,</span> <span class='ocrx_word' id='word_1_71' title='bbox 451 1565 516 1656; x_wconf 91' lang='lat' dir='ltr'>[in]</span> <span class='ocrx_word' id='word_1_72' title='bbox 530 1567 597 1656; x_wconf 89' lang='lat' dir='ltr'>ipsa</span> <span class='ocrx_word' id='word_1_73' title='bbox 611 1585 761 1650; x_wconf 81' lang='lat' dir='ltr'>acuetur,</span> <span class='ocrx_word' id='word_1_74' title='bbox 781 1571 825 1659; x_wconf 85' lang='lat' dir='ltr'>[et</span> <span class='ocrx_word' id='word_1_75' title='bbox 840 1572 1095 1661; x_wconf 88' lang='lat' dir='ltr'>antepenultima</span> <span class='ocrx_word' id='word_1_76' title='bbox 1111 1572 1202 1661; x_wconf 73' lang='lat' dir='ltr'>gravi</span> <span class='ocrx_word' id='word_1_77' title='bbox 1217 1585 1356 1638; x_wconf 83' lang='lat' dir='ltr'>accentu</span> <span class='ocrx_word' id='word_1_78' title='bbox 1372 1592 1446 1662; x_wconf 89' lang='lat' dir='ltr'>pro·</span> 
     </span>
     <span class='ocr_line' id='line_1_11' title="bbox 381 1678 1445 1780; baseline 0.008 -37"><span class='ocrx_word' id='word_1_79' title='bbox 381 1678 601 1774; x_wconf 76' lang='lat' dir='ltr'>nuntiabitur]</span> <span class='ocrx_word' id='word_1_80' title='bbox 618 1699 654 1751; x_wconf 91' lang='lat' dir='ltr'>ut</span> <span class='ocrx_word' id='word_1_81' title='bbox 664 1684 831 1768; x_wconf 69' lang='lat' dir='ltr'>Catullus,</span> <span class='ocrx_word' id='word_1_82' title='bbox 845 1689 888 1753; x_wconf 88' lang='lat' dir='ltr'>ita</span> <span class='ocrx_word' id='word_1_83' title='bbox 902 1702 1022 1767; x_wconf 89' lang='lat' dir='ltr'>tamen,</span> <span class='ocrx_word' id='word_1_84' title='bbox 1040 1688 1066 1753; x_wconf 91' lang='lat' dir='ltr'>si</span> <span class='ocrx_word' id='word_1_85' title='bbox 1079 1688 1239 1780; x_wconf 79' lang='lat' dir='ltr'>positione</span> <span class='ocrx_word' id='word_1_86' title='bbox 1252 1685 1366 1777; x_wconf 69' lang='lat' dir='ltr'>longa,</span> <span class='ocrx_word' id='word_1_87' title='bbox 1381 1710 1445 1753; x_wconf 89' lang='lat' dir='ltr'>uon</span> 
     </span>
     <span class='ocr_line' id='line_1_12' title="bbox 378 1801 1447 1893; baseline 0.007 -31"><span class='ocrx_word' id='word_1_88' title='bbox 378 1821 417 1862; x_wconf 85' lang='lat' dir='ltr'>ex</span> <span class='ocrx_word' id='word_1_89' title='bbox 433 1814 523 1865; x_wconf 89' lang='lat' dir='ltr'>muta</span> <span class='ocrx_word' id='word_1_90' title='bbox 540 1815 573 1866; x_wconf 87' lang='lat' dir='ltr'>ot</span> <span class='ocrx_word' id='word_1_91' title='bbox 586 1801 710 1892; x_wconf 86' lang='lat' dir='ltr'>liquida</span> <span class='ocrx_word' id='word_1_92' title='bbox 726 1802 844 1885; x_wconf 83' lang='lat' dir='ltr'>luerit,</span> <span class='ocrx_word' id='word_1_93' title='bbox 863 1829 937 1872; x_wconf 88' lang='lat' dir='ltr'>nam</span> <span class='ocrx_word' id='word_1_94' title='bbox 956 1804 1093 1872; x_wconf 76' lang='lat' dir='ltr'>mutabit</span> <span class='ocrx_word' id='word_1_95' title='bbox 1107 1819 1296 1886; x_wconf 83' lang='lat' dir='ltr'>accentum,</span> <span class='ocrx_word' id='word_1_96' title='bbox 1315 1819 1353 1871; x_wconf 93' lang='lat' dir='ltr'>ut</span> <span class='ocrx_word' id='word_1_97' title='bbox 1361 1804 1447 1893; x_wconf 77' lang='lat' dir='ltr'>plau·</span> 
     </span>
     <span class='ocr_line' id='line_1_13' title="bbox 379 1917 1443 2015; baseline 0.011 -39"><span class='ocrx_word' id='word_1_98' title='bbox 379 1931 469 1979; x_wconf 84' lang='lat' dir='ltr'>retra</span> <span class='ocrx_word' id='word_1_99' title='bbox 483 1944 519 1994; x_wconf 84' lang='lat' dir='ltr'>n,</span> <span class='ocrx_word' id='word_1_100' title='bbox 534 1917 581 2012; x_wconf 87' lang='lat' dir='ltr'>(r)</span> <span class='ocrx_word' id='word_1_101' title='bbox 596 1963 642 1975; x_wconf 92' lang='lat'><em>-</em></span> <span class='ocrx_word' id='word_1_102' title='bbox 656 1923 690 1988; x_wconf 89' lang='lat' dir='ltr'>in</span> <span class='ocrx_word' id='word_1_103' title='bbox 712 1938 827 1990; x_wconf 91' lang='lat' dir='ltr'>natura</span> <span class='ocrx_word' id='word_1_104' title='bbox 847 1922 942 1989; x_wconf 90' lang='lat' dir='ltr'>simul</span> <span class='ocrx_word' id='word_1_105' title='bbox 960 1937 992 1990; x_wconf 89' lang='lat' dir='ltr'>et</span> <span class='ocrx_word' id='word_1_106' title='bbox 1011 1922 1066 1988; x_wconf 87' lang='lat' dir='ltr'>tali</span> <span class='ocrx_word' id='word_1_107' title='bbox 1080 1925 1239 2015; x_wconf 81' lang='lat' dir='ltr'>positione</span> <span class='ocrx_word' id='word_1_108' title='bbox 1255 1921 1443 2014; x_wconf 79' lang='lat' dir='ltr'>productis,</span> 
     </span>
     <span class='ocr_line' id='line_1_14' title="bbox 380 2038 1448 2130; baseline 0.001 -26"><span class='ocrx_word' id='word_1_109' title='bbox 380 2041 563 2106; x_wconf 89' lang='lat' dir='ltr'>communis</span> <span class='ocrx_word' id='word_1_110' title='bbox 581 2039 702 2129; x_wconf 76' lang='lat' dir='ltr'>syllaba</span> <span class='ocrx_word' id='word_1_111' title='bbox 720 2055 842 2107; x_wconf 75' lang='lat' dir='ltr'>natura</span> <span class='ocrx_word' id='word_1_112' title='bbox 861 2038 1067 2130; x_wconf 65' lang='lat' dir='ltr'>praejudicet,</span> <span class='ocrx_word' id='word_1_113' title='bbox 1082 2053 1114 2107; x_wconf 94' lang='lat' dir='ltr'>et</span> <span class='ocrx_word' id='word_1_114' title='bbox 1137 2054 1289 2106; x_wconf 83' lang='lat' dir='ltr'>accentus</span> <span class='ocrx_word' id='word_1_115' title='bbox 1307 2040 1341 2105; x_wconf 91' lang='lat' dir='ltr'>in</span> <span class='ocrx_word' id='word_1_116' title='bbox 1358 2053 1448 2105; x_wconf 86' lang='lat' dir='ltr'>aute·</span> 
     </span>
     <span class='ocr_line' id='line_1_15' title="bbox 382 2153 1445 2247; baseline 0.002 -27"><span class='ocrx_word' id='word_1_117' title='bbox 382 2154 594 2245; x_wconf 88' lang='lat' dir='ltr'>penultimam</span> <span class='ocrx_word' id='word_1_118' title='bbox 608 2155 831 2230; x_wconf 77' lang='lat' dir='ltr'>transferatur.</span> <span class='ocrx_word' id='word_1_119' title='bbox 844 2157 992 2247; x_wconf 80' lang='lat' dir='ltr'>Namque</span> <span class='ocrx_word' id='word_1_120' title='bbox 1006 2155 1089 2222; x_wconf 91' lang='lat' dir='ltr'>nihil</span> <span class='ocrx_word' id='word_1_121' title='bbox 1104 2157 1136 2221; x_wconf 91' lang='lat' dir='ltr'>in</span> <span class='ocrx_word' id='word_1_122' title='bbox 1153 2154 1345 2223; x_wconf 84' lang='lat' dir='ltr'>auctoribus</span> <span class='ocrx_word' id='word_1_123' title='bbox 1365 2153 1445 2222; x_wconf 91' lang='lat' dir='ltr'>soli·</span> 
     </span>
     <span class='ocr_line' id='line_1_16' title="bbox 381 2270 1443 2364; baseline 0.005 -28"><span class='ocrx_word' id='word_1_124' title='bbox 381 2270 461 2337; x_wconf 91' lang='lat' dir='ltr'>dum</span> <span class='ocrx_word' id='word_1_125' title='bbox 469 2272 724 2364; x_wconf 83' lang='lat' dir='ltr'>adhuereperire</span> <span class='ocrx_word' id='word_1_126' title='bbox 733 2275 838 2363; x_wconf 91' lang='lat' dir='ltr'>potui,</span> <span class='ocrx_word' id='word_1_127' title='bbox 848 2272 934 2339; x_wconf 92' lang='lat' dir='ltr'>unde</span> <span class='ocrx_word' id='word_1_128' title='bbox 942 2289 1135 2340; x_wconf 88' lang='lat' dir='ltr'>utereorum</span> <span class='ocrx_word' id='word_1_129' title='bbox 1143 2296 1255 2339; x_wconf 88' lang='lat' dir='ltr'>seusus</span> <span class='ocrx_word' id='word_1_130' title='bbox 1264 2287 1321 2341; x_wconf 84' lang='lat' dir='ltr'>aut</span> <span class='ocrx_word' id='word_1_131' title='bbox 1330 2273 1443 2341; x_wconf 80' lang='lat' dir='ltr'>astrui.</span> 
     </span>
     <span class='ocr_line' id='line_1_17' title="bbox 382 2385 1449 2480; baseline -0.001 -26"><span class='ocrx_word' id='word_1_132' title='bbox 382 2403 438 2454; x_wconf 85' lang='lat' dir='ltr'>aut</span> <span class='ocrx_word' id='word_1_133' title='bbox 452 2387 595 2455; x_wconf 83' lang='lat' dir='ltr'>abdicari</span> <span class='ocrx_word' id='word_1_134' title='bbox 608 2389 689 2455; x_wconf 91' lang='lat' dir='ltr'>mihi</span> <span class='ocrx_word' id='word_1_135' title='bbox 704 2412 795 2480; x_wconf 91' lang='lat' dir='ltr'>posse</span> <span class='ocrx_word' id='word_1_136' title='bbox 810 2387 967 2454; x_wconf 84' lang='lat' dir='ltr'>videatur.</span> <span class='ocrx_word' id='word_1_137' title='bbox 983 2389 1054 2454; x_wconf 88' lang='lat' dir='ltr'>Erit</span> <span class='ocrx_word' id='word_1_138' title='bbox 1065 2388 1167 2478; x_wconf 73' lang='lat' dir='ltr'>igitur</span> <span class='ocrx_word' id='word_1_139' title='bbox 1177 2402 1290 2456; x_wconf 72' lang='lat' dir='ltr'>vestras</span> <span class='ocrx_word' id='word_1_140' title='bbox 1303 2385 1449 2479; x_wconf 85' lang='lat' dir='ltr'>prudeu-</span> 
     </span>
     <span class='ocr_line' id='line_1_18' title="bbox 383 2502 1448 2596; baseline -0.003 -23"><span class='ocrx_word' id='word_1_141' title='bbox 383 2508 434 2573; x_wconf 82' lang='lat' dir='ltr'>tiae</span> <span class='ocrx_word' id='word_1_142' title='bbox 452 2507 535 2572; x_wconf 85' lang='lat' dir='ltr'>hane</span> <span class='ocrx_word' id='word_1_143' title='bbox 561 2507 805 2596; x_wconf 81' lang='lat' dir='ltr'>ambiguitatem</span> <span class='ocrx_word' id='word_1_144' title='bbox 830 2505 999 2585; x_wconf 86' lang='lat' dir='ltr'>dirimere,</span> <span class='ocrx_word' id='word_1_145' title='bbox 1018 2519 1050 2571; x_wconf 91' lang='lat' dir='ltr'>et</span> <span class='ocrx_word' id='word_1_146' title='bbox 1069 2518 1180 2571; x_wconf 88' lang='lat' dir='ltr'>utrum</span> <span class='ocrx_word' id='word_1_147' title='bbox 1202 2528 1318 2572; x_wconf 90' lang='lat' dir='ltr'>eorum</span> <span class='ocrx_word' id='word_1_148' title='bbox 1338 2502 1448 2596; x_wconf 80' lang='lat' dir='ltr'>aliquo</span> 
     </span>
     <span class='ocr_line' id='line_1_19' title="bbox 383 2619 1448 2714; baseline -0.001 -25"><span class='ocrx_word' id='word_1_149' title='bbox 383 2622 579 2692; x_wconf 85' lang='lat' dir='ltr'>documento</span> <span class='ocrx_word' id='word_1_150' title='bbox 592 2623 769 2691; x_wconf 77' lang='lat' dir='ltr'>fortissimo</span> <span class='ocrx_word' id='word_1_151' title='bbox 784 2622 950 2689; x_wconf 88' lang='lat' dir='ltr'>roborare.</span> <span class='ocrx_word' id='word_1_152' title='bbox 966 2622 1135 2714; x_wconf 84' lang='lat' dir='ltr'>Siquidem</span> <span class='ocrx_word' id='word_1_153' title='bbox 1152 2621 1192 2688; x_wconf 89' lang='lat' dir='ltr'>ad</span> <span class='ocrx_word' id='word_1_154' title='bbox 1205 2619 1448 2698; x_wconf 82' lang='lat' dir='ltr'>difficultatem,</span> 
     </span>
     <span class='ocr_line' id='line_1_20' title="bbox 383 2735 1450 2830; baseline -0.001 -26"><span class='ocrx_word' id='word_1_155' title='bbox 383 2738 472 2830; x_wconf 83' lang='lat' dir='ltr'>quod</span> <span class='ocrx_word' id='word_1_156' title='bbox 491 2755 612 2807; x_wconf 88' lang='lat' dir='ltr'>certam</span> <span class='ocrx_word' id='word_1_157' title='bbox 633 2740 711 2806; x_wconf 87' lang='lat' dir='ltr'>huic</span> <span class='ocrx_word' id='word_1_158' title='bbox 732 2738 854 2806; x_wconf 91' lang='lat' dir='ltr'>nullius</span> <span class='ocrx_word' id='word_1_159' title='bbox 878 2739 1004 2828; x_wconf 81' lang='lat' dir='ltr'>reperio</span> <span class='ocrx_word' id='word_1_160' title='bbox 1027 2737 1191 2828; x_wconf 76' lang='lat' dir='ltr'>regulam,</span> <span class='ocrx_word' id='word_1_161' title='bbox 1208 2735 1336 2804; x_wconf 84' lang='lat' dir='ltr'>accedit</span> <span class='ocrx_word' id='word_1_162' title='bbox 1353 2738 1450 2804; x_wconf 82' lang='lat' dir='ltr'>etiam</span> 
     </span>
     <span class='ocr_line' id='line_1_21' title="bbox 385 2856 1451 2948; baseline -0.003 -25"><span class='ocrx_word' id='word_1_163' title='bbox 385 2857 448 2924; x_wconf 88' lang='lat' dir='ltr'>hoc</span> <span class='ocrx_word' id='word_1_164' title='bbox 472 2857 560 2948; x_wconf 91' lang='lat' dir='ltr'>quod</span> <span class='ocrx_word' id='word_1_165' title='bbox 586 2859 618 2924; x_wconf 92' lang='lat' dir='ltr'>in</span> <span class='ocrx_word' id='word_1_166' title='bbox 644 2872 748 2924; x_wconf 89' lang='lat' dir='ltr'>metro</span> <span class='ocrx_word' id='word_1_167' title='bbox 775 2856 983 2945; x_wconf 88' lang='lat' dir='ltr'>hujusmodi,</span> <span class='ocrx_word' id='word_1_168' title='bbox 1002 2871 1038 2923; x_wconf 91' lang='lat' dir='ltr'>ut</span> <span class='ocrx_word' id='word_1_169' title='bbox 1061 2870 1109 2922; x_wconf 86' lang='lat' dir='ltr'>est</span> <span class='ocrx_word' id='word_1_170' title='bbox 1130 2872 1300 2934; x_wconf 81' lang='lat' dir='ltr'>aratrum,</span> <span class='ocrx_word' id='word_1_171' title='bbox 1326 2876 1451 2946; x_wconf 85' lang='lat' dir='ltr'>semper</span> 
     </span>
     <span class='ocr_line' id='line_1_22' title="bbox 385 2970 1452 3066; baseline -0.002 -27"><span class='ocrx_word' id='word_1_172' title='bbox 385 2974 576 3065; x_wconf 89' lang='lat' dir='ltr'>productam</span> <span class='ocrx_word' id='word_1_173' title='bbox 587 2976 717 3041; x_wconf 84' lang='lat' dir='ltr'>invenio</span> <span class='ocrx_word' id='word_1_174' title='bbox 731 2973 944 3066; x_wconf 88' lang='lat' dir='ltr'>penultimam</span> <span class='ocrx_word' id='word_1_175' title='bbox 956 3001 965 3054; x_wconf 80' lang='lat'><em>3</em></span> <span class='ocrx_word' id='word_1_176' title='bbox 979 2973 1102 3054; x_wconf 89' lang='lat' dir='ltr'>cum,si</span> <span class='ocrx_word' id='word_1_177' title='bbox 1119 2973 1151 3038; x_wconf 92' lang='lat' dir='ltr'>in</span> <span class='ocrx_word' id='word_1_178' title='bbox 1165 2970 1358 3039; x_wconf 84' lang='lat' dir='ltr'>naturaliter</span> <span class='ocrx_word' id='word_1_179' title='bbox 1370 2994 1452 3062; x_wconf 89' lang='lat' dir='ltr'>quo·</span> 
     </span>
     <span class='ocr_line' id='line_1_23' title="bbox 384 3088 1452 3182; baseline -0.005 -25"><span class='ocrx_word' id='word_1_180' title='bbox 384 3115 448 3181; x_wconf 91' lang='lat' dir='ltr'>que</span> <span class='ocrx_word' id='word_1_181' title='bbox 468 3091 574 3182; x_wconf 73' lang='lat' dir='ltr'>longis</span> <span class='ocrx_word' id='word_1_182' title='bbox 588 3094 770 3159; x_wconf 85' lang='lat' dir='ltr'>communis</span> <span class='ocrx_word' id='word_1_183' title='bbox 784 3090 905 3181; x_wconf 73' lang='lat' dir='ltr'>syllaba</span> <span class='ocrx_word' id='word_1_184' title='bbox 920 3091 1042 3172; x_wconf 80' lang='lat' dir='ltr'>valeat,</span> <span class='ocrx_word' id='word_1_185' title='bbox 1057 3088 1267 3156; x_wconf 71' lang='lat' dir='ltr'>manifestum</span> <span class='ocrx_word' id='word_1_186' title='bbox 1280 3091 1322 3156; x_wconf 89' lang='lat' dir='ltr'>sit</span> <span class='ocrx_word' id='word_1_187' title='bbox 1336 3104 1452 3154; x_wconf 77' lang='lat' dir='ltr'>amara</span> 
     </span>
     <span class='ocr_line' id='line_1_24' title="bbox 386 3204 1451 3298; baseline -0.002 -24"><span class='ocrx_word' id='word_1_188' title='bbox 386 3211 604 3288; x_wconf 77' lang='lat' dir='ltr'>nominativo,</span> <span class='ocrx_word' id='word_1_189' title='bbox 627 3210 810 3275; x_wconf 81' lang='lat' dir='ltr'>accusativo</span> <span class='ocrx_word' id='word_1_190' title='bbox 824 3223 856 3274; x_wconf 89' lang='lat' dir='ltr'>et</span> <span class='ocrx_word' id='word_1_191' title='bbox 873 3209 1020 3274; x_wconf 83' lang='lat' dir='ltr'>vocativo</span> <span class='ocrx_word' id='word_1_192' title='bbox 1038 3205 1235 3298; x_wconf 88' lang='lat' dir='ltr'>pluralibus,</span> <span class='ocrx_word' id='word_1_193' title='bbox 1257 3229 1317 3298; x_wconf 88' lang='lat' dir='ltr'>por</span> <span class='ocrx_word' id='word_1_194' title='bbox 1336 3204 1451 3295; x_wconf 75' lang='lat' dir='ltr'>dacty-</span> 
     </span>
     <span class='ocr_line' id='line_1_25' title="bbox 387 3319 1451 3415; baseline -0.004 -25"><span class='ocrx_word' id='word_1_195' title='bbox 387 3324 454 3391; x_wconf 92' lang='lat' dir='ltr'>lum</span> <span class='ocrx_word' id='word_1_196' title='bbox 475 3326 553 3415; x_wconf 93' lang='lat' dir='ltr'>poni</span> <span class='ocrx_word' id='word_1_197' title='bbox 579 3327 732 3415; x_wconf 87' lang='lat' dir='ltr'>potuisse.</span> <span class='ocrx_word' id='word_1_198' title='bbox 761 3325 844 3391; x_wconf 88' lang='lat' dir='ltr'>Sunt</span> <span class='ocrx_word' id='word_1_199' title='bbox 866 3340 898 3390; x_wconf 93' lang='lat' dir='ltr'>et</span> <span class='ocrx_word' id='word_1_200' title='bbox 916 3323 979 3390; x_wconf 89' lang='lat' dir='ltr'>alia</span> <span class='ocrx_word' id='word_1_201' title='bbox 1003 3322 1173 3414; x_wconf 86' lang='lat' dir='ltr'>complura</span> <span class='ocrx_word' id='word_1_202' title='bbox 1200 3319 1451 3412; x_wconf 72' lang='lat' dir='ltr'>interroganda,</span> 
     </span>
     <span class='ocr_line' id='line_1_26' title="bbox 385 3438 1453 3533; baseline -0.006 -25"><span class='ocrx_word' id='word_1_203' title='bbox 385 3457 577 3532; x_wconf 81' lang='lat' dir='ltr'>quaenotata</span> <span class='ocrx_word' id='word_1_204' title='bbox 591 3457 701 3521; x_wconf 86' lang='lat' dir='ltr'>teneo,</span> <span class='ocrx_word' id='word_1_205' title='bbox 713 3466 848 3533; x_wconf 77' lang='lat' dir='ltr'>quaque</span> <span class='ocrx_word' id='word_1_206' title='bbox 866 3438 1090 3520; x_wconf 85' lang='lat' dir='ltr'>commodius,</span> <span class='ocrx_word' id='word_1_207' title='bbox 1108 3440 1135 3505; x_wconf 91' lang='lat' dir='ltr'>si</span> <span class='ocrx_word' id='word_1_208' title='bbox 1147 3440 1236 3506; x_wconf 85' lang='lat' dir='ltr'>Deus</span> <span class='ocrx_word' id='word_1_209' title='bbox 1247 3460 1370 3530; x_wconf 85' lang='lat' dir='ltr'>rosque</span> <span class='ocrx_word' id='word_1_210' title='bbox 1381 3459 1453 3529; x_wconf 85' lang='lat' dir='ltr'>per-</span> 
     </span>
     <span class='ocr_line' id='line_1_27' title="bbox 387 3552 1453 3648; baseline -0.003 -26"><span class='ocrx_word' id='word_1_211' title='bbox 387 3558 550 3636; x_wconf 85' lang='lat' dir='ltr'>miseritis,</span> <span class='ocrx_word' id='word_1_212' title='bbox 561 3581 699 3648; x_wconf 84' lang='lat' dir='ltr'>praesens</span> <span class='ocrx_word' id='word_1_213' title='bbox 710 3557 950 3648; x_wconf 84' lang='lat' dir='ltr'>disquiram.Et</span> <span class='ocrx_word' id='word_1_214' title='bbox 962 3554 1096 3622; x_wconf 87' lang='lat' dir='ltr'>obsecro</span> <span class='ocrx_word' id='word_1_215' title='bbox 1108 3577 1167 3646; x_wconf 90' lang='lat' dir='ltr'>per</span> <span class='ocrx_word' id='word_1_216' title='bbox 1179 3577 1279 3646; x_wconf 92' lang='lat' dir='ltr'>quam</span> <span class='ocrx_word' id='word_1_217' title='bbox 1291 3554 1375 3621; x_wconf 90' lang='lat' dir='ltr'>mibi</span> <span class='ocrx_word' id='word_1_218' title='bbox 1384 3552 1453 3644; x_wconf 89' lang='lat' dir='ltr'>pie-</span> 
     </span>
     <span class='ocr_line' id='line_1_28' title="bbox 387 3670 1452 3766; baseline -0.008 -23"><span class='ocrx_word' id='word_1_219' title='bbox 387 3693 483 3744; x_wconf 87' lang='lat' dir='ltr'>tatem</span> <span class='ocrx_word' id='word_1_220' title='bbox 496 3678 639 3765; x_wconf 79' lang='lat' dir='ltr'>gratuito</span> <span class='ocrx_word' id='word_1_221' title='bbox 652 3700 777 3766; x_wconf 85' lang='lat' dir='ltr'>semper</span> <span class='ocrx_word' id='word_1_222' title='bbox 791 3673 993 3754; x_wconf 83' lang='lat' dir='ltr'>exhibuistis,</span> <span class='ocrx_word' id='word_1_223' title='bbox 1008 3689 1055 3754; x_wconf 89' lang='lat' dir='ltr'>ut,</span> <span class='ocrx_word' id='word_1_224' title='bbox 1064 3672 1172 3764; x_wconf 88' lang='lat' dir='ltr'>quoad</span> <span class='ocrx_word' id='word_1_225' title='bbox 1187 3673 1316 3738; x_wconf 78' lang='lat' dir='ltr'>reniam</span> <span class='ocrx_word' id='word_1_226' title='bbox 1326 3670 1369 3738; x_wconf 86' lang='lat' dir='ltr'>ad</span> <span class='ocrx_word' id='word_1_227' title='bbox 1384 3692 1452 3748; x_wconf 77' lang='lat' dir='ltr'>ros,</span> 
     </span>
    </p>
   </div>
   <div class='ocr_carea' id='block_1_3' title="bbox 388 3946 1455 4320">
    <p class='ocr_par' dir='ltr' id='par_1_3' title="bbox 388 3946 1455 4320">
     <span class='ocr_line' id='line_1_29' title="bbox 423 3946 1453 4023; baseline -0.007 -15"><span class='ocrx_word' id='word_1_228' title='bbox 423 3958 432 4019; x_wconf 67' lang='grc' dir='ltr'><em>ζ</em></span> <span class='ocrx_word' id='word_1_229' title='bbox 439 3957 461 4023; x_wconf 82' lang='lat' dir='ltr'>r)</span> <span class='ocrx_word' id='word_1_230' title='bbox 472 3953 543 4008; x_wconf 75' lang='lat' dir='ltr'>AEta&#39;</span> <span class='ocrx_word' id='word_1_231' title='bbox 557 3955 661 4009; x_wconf 82' lang='lat' dir='ltr'>Donati</span> <span class='ocrx_word' id='word_1_232' title='bbox 669 3950 752 4008; x_wconf 70' lang='lat' dir='ltr'>editio</span> <span class='ocrx_word' id='word_1_233' title='bbox 763 3954 861 4023; x_wconf 76' lang='lat' dir='ltr'>pruina,</span> <span class='ocrx_word' id='word_1_234' title='bbox 870 3970 931 4022; x_wconf 80' lang='lat' dir='ltr'>cup.</span> <span class='ocrx_word' id='word_1_235' title='bbox 944 3948 960 4003; x_wconf 83' lang='lat'>5</span> <span class='ocrx_word' id='word_1_236' title='bbox 971 3947 1006 4004; x_wconf 83' lang='lat' dir='ltr'>de</span> <span class='ocrx_word' id='word_1_237' title='bbox 1014 3948 1115 4013; x_wconf 72' lang='lat' dir='ltr'>Tenis,</span> <span class='ocrx_word' id='word_1_238' title='bbox 1127 3946 1206 4020; x_wconf 78' lang='lat' dir='ltr'>apud</span> <span class='ocrx_word' id='word_1_239' title='bbox 1215 3946 1342 4015; x_wconf 71' lang='lat' dir='ltr'>Puteola,</span> <span class='ocrx_word' id='word_1_240' title='bbox 1353 3948 1453 4002; x_wconf 68' lang='lat' dir='ltr'>Grum-</span> 
     </span>
     <span class='ocr_line' id='line_1_30' title="bbox 389 4044 1454 4121; baseline -0.005 -18"><span class='ocrx_word' id='word_1_241' title='bbox 389 4055 497 4105; x_wconf 73' lang='lat' dir='ltr'>marica·</span> <span class='ocrx_word' id='word_1_242' title='bbox 516 4053 611 4104; x_wconf 70' lang='lat' dir='ltr'>latiam</span> <span class='ocrx_word' id='word_1_243' title='bbox 628 4059 755 4104; x_wconf 78' lang='lat' dir='ltr'>auctores</span> <span class='ocrx_word' id='word_1_244' title='bbox 771 4051 890 4120; x_wconf 77' lang='lat' dir='ltr'>aretiqru&#39;.</span> <span class='ocrx_word' id='word_1_245' title='bbox 904 4069 933 4119; x_wconf 80' lang='lat' dir='ltr'>p.</span> <span class='ocrx_word' id='word_1_246' title='bbox 953 4051 1026 4121; x_wconf 70' lang='lat' dir='ltr'>rplu.</span> <span class='ocrx_word' id='word_1_247' title='bbox 1043 4077 1075 4086; x_wconf 89' lang='lat'>-</span> <span class='ocrx_word' id='word_1_248' title='bbox 1090 4046 1195 4117; x_wconf 81' lang='lat' dir='ltr'>Loupa</span> <span class='ocrx_word' id='word_1_249' title='bbox 1213 4044 1267 4099; x_wconf 79' lang='lat' dir='ltr'>mal</span> <span class='ocrx_word' id='word_1_250' title='bbox 1287 4046 1410 4118; x_wconf 79' lang='lat' dir='ltr'>compris</span> <span class='ocrx_word' id='word_1_251' title='bbox 1425 4060 1454 4098; x_wconf 79' lang='lat' dir='ltr'>ot</span> 
     </span>
     <span class='ocr_line' id='line_1_31' title="bbox 388 4138 1455 4220; baseline -0.006 -17"><span class='ocrx_word' id='word_1_252' title='bbox 388 4166 499 4220; x_wconf 76' lang='lat' dir='ltr'>passage</span> <span class='ocrx_word' id='word_1_253' title='bbox 509 4150 543 4203; x_wconf 81' lang='lat' dir='ltr'>de</span> <span class='ocrx_word' id='word_1_254' title='bbox 554 4149 658 4212; x_wconf 73' lang='lat' dir='ltr'>Donat,</span> <span class='ocrx_word' id='word_1_255' title='bbox 674 4147 692 4201; x_wconf 90' lang='lat' dir='ltr'>il</span> <span class='ocrx_word' id='word_1_256' title='bbox 705 4144 825 4201; x_wconf 78' lang='lat' dir='ltr'>confond</span> <span class='ocrx_word' id='word_1_257' title='bbox 838 4144 877 4198; x_wconf 82' lang='lat' dir='ltr'>les</span> <span class='ocrx_word' id='word_1_258' title='bbox 889 4143 1020 4216; x_wconf 69' lang='lat' dir='ltr'>reglesde</span> <span class='ocrx_word' id='word_1_259' title='bbox 1034 4143 1058 4198; x_wconf 81' lang='lat' dir='ltr'>la</span> <span class='ocrx_word' id='word_1_260' title='bbox 1070 4144 1282 4216; x_wconf 66' lang='lat' dir='ltr'>{sruuoaciatiou</span> <span class='ocrx_word' id='word_1_261' title='bbox 1298 4160 1364 4197; x_wconf 74' lang='lat' dir='ltr'>aveo</span> <span class='ocrx_word' id='word_1_262' title='bbox 1375 4138 1455 4197; x_wconf 67' lang='lat' dir='ltr'>oellu</span> 
     </span>
     <span class='ocr_line' id='line_1_32' title="bbox 388 4238 1453 4320; baseline -0.008 -17"><span class='ocrx_word' id='word_1_263' title='bbox 388 4249 424 4303; x_wconf 85' lang='lat' dir='ltr'>de</span> <span class='ocrx_word' id='word_1_264' title='bbox 435 4249 461 4303; x_wconf 83' lang='lat' dir='ltr'>la</span> <span class='ocrx_word' id='word_1_265' title='bbox 474 4248 645 4320; x_wconf 63' lang='lat' dir='ltr'>prosodiam</span> <span class='ocrx_word' id='word_1_266' title='bbox 656 4257 727 4301; x_wconf 82' lang='lat' dir='ltr'>cette</span> <span class='ocrx_word' id='word_1_267' title='bbox 739 4262 838 4301; x_wconf 83' lang='lat' dir='ltr'>errent·</span> <span class='ocrx_word' id='word_1_268' title='bbox 849 4241 919 4299; x_wconf 76' lang='lat' dir='ltr'>read</span> <span class='ocrx_word' id='word_1_269' title='bbox 934 4252 1013 4299; x_wconf 86' lang='lat' dir='ltr'>toute</span> <span class='ocrx_word' id='word_1_270' title='bbox 1021 4252 1095 4297; x_wconf 81' lang='lat' dir='ltr'>cette</span> <span class='ocrx_word' id='word_1_271' title='bbox 1107 4240 1196 4315; x_wconf 76' lang='lat' dir='ltr'>partie</span> <span class='ocrx_word' id='word_1_272' title='bbox 1204 4238 1240 4297; x_wconf 86' lang='lat' dir='ltr'>de</span> <span class='ocrx_word' id='word_1_273' title='bbox 1253 4257 1281 4297; x_wconf 73' lang='lat' dir='ltr'>aa</span> <span class='ocrx_word' id='word_1_274' title='bbox 1293 4238 1453 4297; x_wconf 63' lang='lat' dir='ltr'>annm</span> 
     </span>
    </p>
   </div>
   <div class='ocr_carea' id='block_1_4' title="bbox 382 4342 515 4403">
    <p class='ocr_par' dir='ltr' id='par_1_4' title="bbox 382 4342 515 4403">
     <span class='ocr_line' id='line_1_33' title="bbox 382 4342 515 4403; baseline -0.015 0"><span class='ocrx_word' id='word_1_275' title='bbox 382 4342 515 4403; x_wconf 72' lang='lat' dir='ltr'>&#39;obscura</span> 
     </span>
    </p>
   </div>
   <div class='ocr_carea' id='block_1_5' title="bbox 0 0 1570 5302">
    <p class='ocr_par' dir='ltr' id='par_1_5' title="bbox 0 0 1570 5302">
     <span class='ocr_line' id='line_1_34' title="bbox 0 0 1570 5302; baseline 0 0"><span class='ocrx_word' id='word_1_276' title='bbox 0 0 1570 5302; x_wconf 95' lang='lat' dir='ltr'> </span> 
     </span>
    </p>
   </div>
  </div>
 </body>
</html>
