3166 5280
266 374 328 436 att
492 372 673 434 HISTORIA
695 373 1013 451 Tuaustarlouts,
1034 396 1097 439 tre.

267 498 375 570 tertio
399 495 538 570 decimo
559 492 724 568 kalendas
742 496 906 594 julii...
923 496 1030 591 Quod
1050 524 1070 570 a
1088 520 1149 571 me
1164 496 1322 595 superius

265 612 405 712 plenius
418 627 471 686 est
481 627 698 701 enarratum,
721 614 805 713 quia
817 638 885 713 ego
898 613 987 687 illud
994 617 1098 713 juxta
1109 612 1323 690 relationem

265 729 454 803 memorati
472 730 617 829 Georgii
637 728 863 805 conscribere
879 731 1013 803 curavi.

312 849 372 919 70.
393 844 570 917 Diaconus
599 859 719 918 autem
744 870 828 918 cunr
855 847 1016 947 reliquiis
1042 847 1149 921 tertia
1175 844 1237 920 die
1257 844 1324 921 Va-

264 962 436 1035 lentianas
466 962 631 1049 veniens,
663 987 744 1034 cum
769 987 825 1035 eas
850 964 888 1035 in
916 960 1097 1035 basilicam
1121 960 1158 1037 S.
1192 960 1321 1045 Salvii,

261 1079 357 1152 sicut
377 1079 409 1151 ei
432 1076 549 1150 luerat
573 1078 804 1176 imperatum,
827 1092 1033 1153 reverenter
1058 1094 1093 1153 et
1123 1077 1323 1154 honorifice

264 1194 437 1283 inferret,
460 1192 605 1295 quidam
623 1194 764 1292 juvenis
786 1195 831 1269 de
854 1194 937 1268 villa
962 1196 1056 1297 regis
1082 1222 1166 1297 quae
1185 1196 1321 1269 Listina

262 1329 426 1401 vocatur,
457 1311 667 1385 Dominicus
691 1312 861 1401 nomine,
888 1313 951 1412 qui
975 1337 1018 1387 eo
1039 1312 1195 1402 morbo,
1215 1338 1321 1415 quem

260 1430 379 1503 Graeci
399 1454 577 1527 spasmum
594 1428 792 1527 appellant,
808 1431 882 1525 jam
899 1454 1116 1528 perannum
1138 1428 1321 1529 integram

260 1547 311 1619 sic
323 1542 532 1635 vexabatur,
543 1558 585 1615 ut
600 1568 726 1615 manua
740 1545 813 1641 ejus
826 1542 969 1617 dextera
982 1543 1127 1641 penitus
1139 1544 1318 1617 contineri

261 1688 336 1738 non
350 1675 487 1761 posset,
502 1659 563 1733 sed
575 1658 769 1759 agitatione
788 1659 980 1747 continua,
993 1660 1093 1760 quasi
1107 1660 1173 1759 qui
1189 1660 1319 1735 molam

259 1793 433 1866 verteret,
449 1791 655 1849 moveretur
667 1774 704 1846 in
714 1800 863 1876 gyrum,
876 1776 998 1847 statim
1009 1774 1046 1847 in
1059 1775 1138 1873 ipso
1150 1775 1317 1864 introitu,

259 1922 324 1995 per
338 1895 465 1967 merita
481 1890 673 1966 beatorum
687 1894 910 1991 Martyrum,
925 1916 1048 1966 coram
1063 1892 1166 1965 omni
1184 1892 1318 1991 populo

258 2017 305 2086 ita
329 2028 473 2084 curatus
493 2025 568 2098 est,
590 2024 631 2081 ut
651 2023 734 2109 post
756 2008 833 2083 haec
852 2008 993 2081 nullum
1012 2007 1108 2081 illius
1127 2006 1316 2085 horrende

257 2128 461 2230 agitationis
473 2140 655 2225 pateretur
664 2125 948 2202 incommodum.
959 2124 1099 2201 Exinde
1107 2124 1168 2201 die
1176 2142 1314 2229 quarta,

259 2249 297 2319 in
321 2244 513 2318 festivitate
536 2242 703 2315 videlicet
728 2241 823 2316 beati
846 2242 994 2317 Joanuis
1013 2244 1207 2341 Baptistae,
1232 2270 1316 2317 anus

256 2362 440 2465 quaedam,
455 2360 605 2433 nomine
617 2359 790 2446 Gerrada,
807 2385 889 2460 quae
901 2384 938 2433 se
948 2384 1084 2433 annum
1097 2384 1215 2433 unum
1226 2386 1315 2435 ιω

257 2480 365 2553 fuisse
377 2491 503 2552 testata
515 2493 588 2563 est,
606 2476 694 2549 dum
707 2476 895 2549 missarum
908 2476 1080 2550 solemnia
1094 2474 1315 2551 celebraren-

256 2613 331 2686 tur,
347 2594 519 2667 invocatis
530 2590 642 2667 beatis
655 2590 896 2692 Martyribus,
912 2591 1056 2681 lumen,
1072 2592 1176 2693 quod
1187 2618 1233 2667 ex
1248 2592 1315 2667 lide

255 2713 424 2812 petierat,
443 2710 581 2783 cunctis
598 2710 661 2809 qui
677 2707 825 2781 aderant
840 2707 1069 2798 videntibus,
1088 2736 1154 2809 per
1168 2709 1314 2785 illorum

255 2828 382 2902 merita
403 2826 552 2925 recepit.
581 2825 756 2901 Similiter
775 2826 812 2898 in
834 2824 1026 2899 festivitate
1045 2826 1159 2899 sancti
1184 2825 1291 2900 Salvii
1298 2878 1310 2913 ,

254 2970 336 3044 quae
352 2942 472 3016 evenit
488 2956 588 3015 sexto
605 2939 770 3013 kalendas
782 2940 881 3039 julii,
899 2940 1046 3042 quidam
1061 2939 1173 3015 homo
1186 2938 1311 3013 surdus

254 3075 290 3132 et
301 3075 436 3147 mutus,
456 3058 551 3131 inter
564 3057 734 3131 solemnia
748 3057 948 3146 missarum,
962 3084 1029 3157 per
1040 3058 1208 3157 suffragia
1219 3056 1313 3131 Mar·

255 3188 396 3275 tyrum,
414 3188 451 3244 et
466 3169 630 3244 auditum
647 3188 682 3246 et
700 3172 881 3273 loquelam
896 3172 1055 3271 recipere
1071 3172 1220 3247 memit.
1242 3172 1310 3245 tu-

253 3292 336 3365 dem
347 3289 405 3365 die
420 3317 508 3363 anus
521 3290 684 3391 quaedam
696 3290 740 3365 de
754 3316 845 3391 pago
857 3291 1105 3381 laudunensi,
1123 3288 1311 3365 Rodcltru·

251 3406 306 3481 dis
318 3407 480 3493 nomine,
492 3434 575 3510 quae
589 3435 653 3507 per
667 3423 737 3483 tres
750 3434 864 3482 annos
878 3408 1000 3483 lumen
1012 3408 1096 3483 coeli
1111 3434 1188 3483 non
1200 3406 1306 3497 vidit,

252 3526 290 3597 in
301 3523 423 3600 eadem
430 3521 670 3599 celebratione
679 3524 1004 3615 missarum,visum
1011 3524 1162 3623 recepit.
1172 3522 1309 3619 Quinto

251 3639 417 3717 kalendas
423 3640 525 3742 julii,
543 3669 632 3742 puer
643 3644 790 3743 quidam
805 3668 986 3718 annorum
997 3642 1145 3717 circiter
1158 3658 1306 3742 septem,

249 3762 464 3836 Donitianus
482 3761 540 3861 (a)
556 3762 726 3851 nominc,
751 3765 814 3864 qui
839 3762 912 3836 luit
931 3787 1047 3835 caecus
1068 3788 1087 3833 a
1105 3762 1305 3847 nativitate,

282 3970 323 4040 (a)
341 3968 425 4039 Quod
438 3987 540 4024 nomen
556 3968 732 4043 exscriptoris
744 3970 886 4039 mendam,
898 3988 961 4026 curn
974 3968 1137 4025 Bollandist.
1151 3970 1231 4037 Jrrn„
1244 3978 1266 4023 t.
1278 3966 1305 4031 l,

249 4078 276 4129 p.
296 4074 361 4121 201,
377 4058 429 4113 col.
448 4080 474 4127 ι,
490 4070 548 4113 not.
553 4059 585 4131 f
586 4104 592 4123 ,
611 4058 778 4115 crediderim
794 4070 822 4115 et
839 4060 886 4115 hlc
904 4058 946 4117 vcl
960 4060 1138 4117 Domitianus
1152 4058 1196 4115 vel
1215 4058 1306 4115 uom-

249 4150 342 4201 tiannr
353 4148 500 4216 legendum
514 4167 578 4204 csse.
