3166 5280
247 431 286 491 38
568 426 761 487 Elttnlltut
782 425 989 487 EPlSTOLAE.

246 546 346 650 quod
359 546 456 620 inter
468 571 529 619 eos
541 545 613 620 fuit
621 560 802 620 exortum.
818 545 973 620 Proinde
986 547 1318 646 precemurssncti·

248 679 359 738 tatem
377 677 532 737 vestram
555 679 619 753 nt,
639 662 690 739 ob
715 664 954 739 reverentiam
978 661 1190 738 eorumdem
1215 688 1318 736 mnr-

248 798 399 884 tysum‚
425 779 468 855 ad
494 808 653 884 quorum
675 782 800 855 limina
827 780 1084 883 confugit(1),
1111 779 1145 854 ei
1170 807 1318 881 parcere

248 898 465 1000 dignemini,
485 915 540 989 ut,
566 898 704 973 indulta
721 900 972 975 membrorum
986 897 1214 1000 integritate,
1234 924 1319 973 vcr-

247 1015 448 1116 berumque
473 1040 600 1116 poena,
629 1015 733 1090 liceat
749 1017 801 1090 illi
823 1017 1006 1092 solutione
1025 1015 1189 1116 pecunie
1213 1040 1319 1091 oom-

248 1159 386 1234 ponere
397 1150 505 1236 atque
517 1135 707 1210 emendare
716 1134 815 1235 quod
823 1135 915 1208 mala
925 1135 1111 1210 voluntate
1121 1133 1318 1208 commisit.

250 1249 425 1350 Optamus
444 1249 671 1337 sanctitatem
687 1264 842 1324 vestram
858 1276 998 1349 semper
1012 1250 1050 1323 in
1064 1248 1210 1325 Christo
1226 1247 1322 1324 bene

212 1447 217 1458 1
250 1367 385 1456 valere,
400 1367 621 1441 sanctissime
635 1393 675 1440 ac
692 1368 977 1442 reverentissime
993 1380 1108 1466 pater.

502 1720 618 1784 XXVI.
642 1725 694 1783 ΔΙ)
716 1721 880 1783 sulcum
900 1721 1012 1784 SUUM
1034 1721 1070 1781 U.

307 1878 565 1954 Einhardusll.
575 1905 641 1953 sno
651 1879 1093 1955 salutem-Frumoldus
1102 1876 1256 1953 filiusN.
1269 1900 1328 1950 co-

257 1995 370 2083 mitis,
382 1997 483 2095 cujus
495 1993 543 2068 N.
557 2020 721 2071 sororem
735 1994 857 2085 hahet,
870 1997 981 2097 magis
997 1995 1209 2069 infirmitate
1216 2016 1327 2096 quum

255 2124 438 2185 senectute
459 2110 646 2185 confectus
658 2153 709 2170 -
720 2137 804 2185 nam
820 2112 999 2186 continno
1022 2136 1063 2184 ac
1078 2110 1177 2212 gravi
1194 2107 1330 2209 pedum

255 2228 383 2304 dolore
390 2244 541 2303 vexatur
549 2228 940 2305 -hahetbenelicium
947 2254 1024 2304 non
1034 2227 1169 2330 grande
1181 2227 1221 2301 iu
1233 2227 1333 2300 Bur·

256 2346 391 2446 gandia
406 2347 461 2446 (a)
470 2401 484 2440 ,
500 2348 538 2421 in
555 2373 648 2449 pago
663 2347 885 2425 Genawense
894 2401 905 2437 ,
922 2345 985 2420 nbi
1006 2362 1110 2447 pater
1125 2349 1200 2446 ejus
1211 2367 1335 2418 comes

258 2461 349 2553 fuit,
363 2478 399 2538 et
418 2463 523 2539 timet
539 2463 629 2539 illud
645 2465 817 2566 perdere,
836 2465 906 2539 nisi
922 2479 1038 2540 vestra
1053 2461 1258 2564 benignitas
1278 2456 1333 2532 illi

259 2582 473 2682 opituletur,
485 2610 529 2660 eo
542 2583 641 2685 quod
655 2600 808 2685 propter
820 2581 1070 2658 infirmitatem
1084 2582 1154 2681 (ὅ),
1165 2602 1336 2682 quapre-

260 2700 388 2788 mitur,
402 2699 446 2774 ad
456 2701 630 2801 palatium
638 2703 763 2777 venire
775 2728 853 2777 non
865 2716 998 2803 potest.
1015 2697 1154 2774 ldcirco
1165 2709 1338 2799 precatur

261 2830 323 2907 ut,
346 2818 384 2890 in
402 2818 468 2891 ista
491 2820 719 2908 necessitate,
739 2818 918 2893 domnum
935 2818 1191 2916 imperatorem
1208 2837 1339 2912 rogare

262 2933 483 3033 dignemini,
505 2949 548 3007 ut
564 2935 752 3033 permittat
770 2960 807 3008 se
827 2931 959 3008 habere
978 2928 1226 3016 beneficium,
1238 2927 1339 3029 quod

264 3077 349 3123 avus
372 3056 446 3151 ejus
474 3051 526 3124 illi
558 3052 759 3141 concessit,
787 3066 824 3126 et
851 3066 955 3152 pater
988 3048 1120 3124 habere
1150 3044 1336 3148 permisit,

265 3192 474 3268 quousque,
499 3166 637 3242 viribus
657 3170 832 3271 receptis,
860 3169 904 3242 ad
926 3172 1002 3270 ejus
1022 3167 1253 3268 praesentiam
1276 3188 1338 3236 ve-

266 3284 365 3359 nerit
375 3310 460 3361 acse
469 3285 622 3361 solemni
629 3313 732 3362 more
742 3284 1050 3363 commendaverit
1060 3286 1129 3386 (4).
1141 3285 1239 3358 Bene
1246 3279 1338 3368 vale,

268 3401 451 3502 igulorum
467 3404 721 3496 amantissime,
737 3405 788 3479 sic
804 3419 908 3506 optat
923 3402 1039 3508 igulus
1049 3419 1133 3478 tuus
1144 3399 1289 3478 vetulus
1305 3409 1344 3472 et

271 3518 448 3593 infirmus.

304 3829 344 3898 (1)
362 3827 433 3884 Cod.
447 3827 594 3901 confugiet.

306 3920 345 3990 (2)
364 3916 434 3975 (bd.
450 3916 626 3991 Burgundio.

307 4004 346 4076 (3)
364 4006 409 4062 Sic
424 4007 453 4061 iu
463 4005 571 4073 codice;
587 4004 654 4059 edit.
667 4024 728 4076 proe
743 4007 914 4078 infirmitate.

307 4095 346 4164 (l)
364 4094 433 4150 Cod.
447 4092 695 4151 commendaverat.
708 4123 744 4135 -
758 4092 849 4164 Optet.
