3090 5302
318 421 356 477 12
634 415 828 478 Eltttttttot
853 417 1059 477 EPISTOLAE.

317 537 393 609 lieri
420 536 549 610 debeat
570 536 805 610 infuturum·
827 536 924 636 Opto
947 554 1142 636 utsemper
1159 536 1250 610 bene
1267 538 1385 609 valca-

317 655 389 750 tis(
416 659 429 748 l
447 656 483 727 in
501 655 671 730 Domino.

553 1107 625 1169 Vll.
649 1110 700 1169 tn
724 1110 931 1171 POPPONEM
952 1112 1147 1173 uotssTEM,

368 1270 561 1368 Magnifica
577 1288 613 1344 et
630 1269 833 1346 honorabili
847 1290 957 1372 atque
974 1274 1104 1345 illustri
1122 1277 1176 1371 (2)
1196 1275 1276 1347 viro
1290 1274 1388 1374 Pop-

318 1387 426 1484 poni‚
444 1388 603 1487 gratioso
615 1389 672 1487 (3)
689 1391 834 1478 comiti,
850 1389 1051 1464 Einhardus
1070 1394 1107 1465 in
1124 1392 1283 1468 Domino
1296 1391 1387 1463 salu·

318 1517 404 1576 tem.
417 1505 559 1580 -Duo
571 1531 744 1606 pauperes
758 1508 816 1605 (4)
832 1506 994 1580 homines
1014 1508 1259 1608 confugerunt
1278 1509 1322 1582 ad
1343 1508 1389 1580 li-

318 1621 416 1695 mina
432 1620 622 1697 beatorum
637 1623 769 1696 Christi
787 1641 995 1726 martyrum
1010 1627 1208 1699 Marcellini
1224 1643 1259 1700 et
1275 1627 1388 1715 Petri,

318 1736 471 1813 fatentes
497 1768 534 1813 se
559 1740 754 1841 culpabiles
780 1768 876 1829 esse,
903 1743 965 1842 qui
995 1743 1032 1816 in
1058 1743 1251 1841 praesentia
1274 1757 1389 1814 vestra

319 1859 477 1932 convicti
498 1859 648 1932 fuerunt
670 1859 715 1933 de
736 1859 892 1960 quodam
915 1859 1016 1934 furto
1036 1861 1092 1959 (5)
1114 1861 1213 1959 quod
1232 1861 1390 1933 commi-

320 1991 447 2047 serunt
458 1974 614 2050 furando
628 1974 802 2049 feramina
819 1977 856 2048 in
868 1975 1049 2050 dominica
1059 1976 1190 2049 foresta
1201 1978 1256 2074 (6)
1269 2007 1277 2048 ε
1290 1978 1390 2076 cujus

318 2104 458 2189 partem
481 2093 755 2190 compositionis
775 2096 850 2193 jam
880 2094 1087 2181 solverunt,
1114 2109 1151 2167 et
1177 2092 1294 2166 adbuc
1317 2092 1390 2166 sol-

320 2205 603 2281 veredeberent
629 2210 711 2309 (7),
745 2209 826 2298 sed,
860 2227 902 2282 ut
933 2226 1119 2297 asserunt,
1152 2237 1228 2284 non
1256 2209 1390 2284 babent

319 2327 416 2398 unde
428 2326 568 2400 solvere
583 2345 735 2427 propter
747 2343 996 2430 paupertatem
1011 2356 1125 2402 suam.
1142 2328 1300 2403 Proinde
1311 2353 1391 2427 pre·

320 2468 444 2514 camur
461 2441 721 2544 benignitatem
737 2462 892 2520 vestram
911 2463 953 2519 ut
971 2449 1039 2535 eis,
1060 2463 1212 2547 propter
1230 2471 1390 2520 amorem

319 2558 453 2633 Christi
473 2578 679 2664 martyrum
697 2564 741 2637 ad
756 2591 849 2667 quos
868 2565 1133 2666 confugerunt,
1155 2566 1193 2637 in
1211 2582 1389 2666 quantum

319 2678 489 2777 possibile
507 2696 578 2769 est,
603 2709 749 2782 parcere
766 2683 988 2784 dignemini,
1010 2709 1056 2757 ne
1077 2684 1220 2782 penitus
1241 2699 1391 2781 pereant

320 2825 385 2896 per
405 2797 608 2898 hujusmodi
626 2801 789 2900 culpam,
807 2800 868 2875 sed
888 2801 1008 2899 potius
1031 2799 1189 2873 sentiant
1205 2797 1273 2870 sibi
1296 2797 1390 2896 apud

320 2938 384 2987 vos
408 2914 586 3014 proluisse
614 2916 713 3016 quod
738 2917 782 2988 ad
808 2931 1018 2991 sanctorum
1041 2929 1246 3015 martyrum
1272 2911 1390 3013 sepul·

320 3031 405 3105 ebra
432 3033 698 3134 confugerunt:
721 3036 818 3134 Opto
843 3049 884 3105 ut
905 3059 1047 3131 semper
1072 3030 1165 3105 bene
1186 3031 1330 3104 valeatis
1353 3031 1389 3103 in

321 3148 494 3224 Domino.

357 3416 397 3486 (ι)
414 3414 484 3470 Cod.
497 3415 565 3470 bene
578 3417 690 3472 valetis.

331 3541 336 3557 ν
356 3519 396 3588 (a)
414 3516 486 3573 cod.
501 3518 621 3573 inlustri.

355 3617 395 3693 (3)
412 3620 588 3676 Chesniuset
602 3621 649 3677 alii
662 3621 730 3676 edit.
745 3622 850 3676 habent
864 3622 984 3695 glorioso
1000 3642 1024 3675 c.
1042 3619 1089 3676 sed
1104 3623 1133 3675 iu
1148 3618 1244 3674 codice
1259 3616 1391 3672 distincte

320 3709 425 3783 legitur
437 3721 513 3784 grat.
524 3713 696 3784 superposita
711 3710 925 3766 abbreviationis
936 3720 1009 3765 nota.
1022 3711 1063 3765 De
1075 3711 1129 3765 hoc
1137 3709 1238 3775 titulo,
1249 3706 1389 3762 videCar-

320 3802 489 3872 penuriam.
498 3800 641 3874 Supplem.
656 3800 690 3855 ad
698 3801 797 3873 Cangii
807 3800 979 3875 glossarium,
991 3799 1080 3854 rocib.
1095 3803 1237 3873 gratiosus
1246 3808 1274 3853 ct
1284 3799 1388 3869 gratia.

356 3904 396 3974 (l)
414 3902 463 3957 llae
475 3902 535 3958 dure
544 3920 623 3957 voces
635 3921 650 3955 a
664 3903 789 3975 pristinis
801 3902 956 3957 editoribus
966 3901 1071 3955 omissa
1083 3901 1207 3955 luerunt.

357 4000 397 4075 (5)
414 4005 588 4079 Codsurtu.

358 4105 397 4178 (6)
415 4108 485 4164 Cod.
492 4110 615 4182 somate.

358 4212 397 4283 (7)
415 4211 485 4267 Cod.
497 4214 658 4270 detherent.
676 4216 737 4271 llaec
747 4234 799 4271 vox
810 4218 840 4270 in
850 4213 933 4272 editis
942 4213 1125 4270 desideratur.
