3090 5302
397 438 458 499 ³5⁸
620 436 804 497 HISTORIA
825 435 1144 513 tntustmottts,
1165 458 1230 499 stc.

398 555 543 629 molaris
562 554 621 628 illa
635 556 833 632 commotio
843 554 1026 629 subitanea
1040 556 1165 657 quiete
1177 558 1295 657 sopita
1313 572 1381 633 est.
1394 558 1455 635 llic

398 672 510 747 homo
526 673 571 747 de
585 675 805 748 monasterio
818 675 1033 762 Scotorum,
1051 672 1150 775 quod
1165 676 1285 749 Fossae
1298 692 1455 765 vocetur,

397 816 434 865 se
450 791 606 884 venisse,
625 790 871 893 Duthiumque
887 790 1057 889 appellari
1073 790 1228 865 dicebat.

448 1378 508 1449 87.
536 1378 578 1448 ln
605 1375 725 1477 vigilia
754 1376 792 1450 S.
818 1378 967 1451 Joauuis
992 1376 1187 1477 Baptistae,
1212 1402 1300 1479 quse
1325 1391 1381 1451 est
1407 1378 1461 1451 die

397 1520 499 1569 nono
515 1492 748 1567 kalendarum
760 1494 955 1595 juliarum,
969 1495 1069 1568 venit
1083 1492 1232 1596 quidam
1247 1495 1308 1567 vir
1322 1496 1461 1593 Tuist-

398 1629 478 1684 tum
497 1612 541 1684 ad
562 1608 744 1684 basilicam
763 1613 802 1685 S.
824 1611 997 1699 Servatii,
1017 1610 1081 1711 qui
1097 1610 1193 1686 sede
1209 1611 1357 1685 civitate
1372 1612 1461 1687 'lor-

398 1754 489 1803 nacu
504 1754 578 1802 esse
596 1726 793 1803 fatebatur,
812 1730 859 1817 ls,
878 1742 920 1800 ut
938 1728 1012 1827 ipse
1029 1714 1166 1814 nieht,
1195 1726 1267 1805 fuit
1286 1726 1334 1801 sb
1346 1726 1462 1803 inlan-

398 1844 446 1916 tia
466 1842 594 1917 surdus
610 1860 647 1917 et
677 1860 828 1917 mutus:
851 1842 1052 1943 ductusque
1068 1867 1089 1916 a
1108 1842 1181 1916 suis
1201 1841 1246 1916 sd
1269 1844 1310 1917 S.
1338 1842 1463 1919 Schts·

398 1962 559 2052 tionum,
576 1962 692 2063 eoepit
705 1960 756 2035 ibi
770 1977 807 2037 et
821 1963 945 2036 audire
957 1976 993 2035 et
1009 1961 1124 2063 loqui,
1142 1959 1206 2037 sed
1221 1962 1461 2049 inefficacitoe,

400 2079 574 2180 quoniam
589 2076 696 2153 verba
711 2081 787 2177 ejus
805 2079 866 2151 vix
883 2077 1195 2180 intelligebantur3
1214 2078 1291 2179 ipse
1306 2102 1462 2181 quoqne,

400 2222 485 2270 cum
501 2196 562 2269 alii
582 2194 627 2269 ud
643 2221 728 2270 eum
743 2196 994 2297 loquerentur,
1021 2196 1236 2271 tenuitatem
1251 2196 1401 2270 auditus
1414 2196 1462 2269 sui

400 2312 624 2387 dissimulare
641 2337 718 2387 non
734 2328 890 2412 poterat.
907 2312 978 2408 Qui
995 2311 1057 2386 ubi
1075 2312 1120 2387 sd
1141 2312 1369 2389 matutinum
1389 2312 1464 2389 cffi-

400 2432 498 2504 cium
533 2430 634 2503 venit
657 2482 668 2515 ,
701 2456 824 2505 coram
851 2431 958 2503 sacris
985 2430 1147 2530 reliquiis
1184 2428 1462 2529 pmcumbetu,

401 2546 637 2623 obdormivit.
667 2548 741 2623 Nec
756 2547 875 2623 multo
899 2563 1001 2647 post,
1026 2548 1126 2623 velut
1144 2546 1269 2649 aliquo
1290 2554 1465 2623 excitante

402 2662 596 2766 evigilans,
611 2665 674 2765 qui
688 2691 729 2740 os
743 2690 849 2739 suum
868 2691 992 2767 pugno
1004 2666 1257 2765 percussisset,
1278 2691 1298 2738 a
1315 2666 1465 2739 eircum-

403 2779 582 2854 stantibus
596 2783 822 2884 perquisivit.
846 2783 910 2855 Cui
931 2808 1015 2857 cum
1032 2808 1157 2857 omnes
1166 2835 1180 2876 ‚
1196 2782 1387 2859 neminem
1403 2782 1466 2857 ltus

404 2900 545 2991 iecisse,
560 2900 848 3002 respondissent,
862 2902 1041 2977 surrexit:
1056 2900 1253 3003 mdemque
1263 2898 1356 2977 lton
1368 2926 1466 2977 mus

403 3016 541 3106 sactus,
558 3016 736 3117 perfecte,
750 3019 827 3095 sine
841 3019 920 3094 ullo
936 3018 1217 3118 impedimento,
1232 3034 1273 3095 et
1286 3018 1466 3095 audiritet

406 3132 549 3207 locutus
564 3149 630 3209 est.

458 3609 519 3682 88.
548 3604 681 3680 Eadem
693 3603 768 3693 die,
781 3604 870 3677 dum
880 3628 977 3676 saera
995 3602 1182 3675 missarum
1194 3602 1373 3677 soletnnia
1386 3598 1468 3675 cels·

409 3725 585 3811 brantur,
612 3720 745 3796 femine
770 3718 953 3821 quaedam,
981 3727 1130 3793 nomine
1151 3716 1367 3807 Adsllinda,
1383 3716 1469 3791 duus

409 3869 530 3919 cereos
551 3840 595 3915 ad
611 3841 734 3914 lumen
751 3840 788 3913 in
805 3838 949 3915 ecclesia
966 3836 1170 3911 laciendum
1193 3836 1331 3911 detulit
1355 3865 1366 3909 r
1386 3858 1471 3939 quu-

409 3989 493 4036 rum
516 3988 633 4035 unum
657 3960 779 4033 dextra
804 3984 915 4031 manu
940 3957 1082 4032 cuidam
1105 3982 1150 4031 ex
1173 3954 1408 4045 custodibus,
1431 3966 1470 4025 ut

409 4078 677 4167 accenderetur,
700 4076 877 4175 porrexit3
900 4075 1012 4149 alium
1035 4090 1156 4149 autem
1182 4074 1356 4165 interim,
1375 4068 1469 4175 qussi

409 4195 453 4270 de
468 4196 532 4270 illu
552 4210 672 4295 postca
689 4191 987 4279 illuminandum,
1003 4216 1115 4265 manu
1136 4189 1283 4263 sinistra
1305 4188 1467 4267 retinuit.
