3090 5302
387 408 577 470 ElNlllllDl
601 409 776 470 cutum.
1049 414 1109 476 417

55 548 180 606 contra
198 530 267 606 boc
290 543 422 604 nostrae
443 530 646 602 donationis
667 543 915 602 testamentum
940 533 1111 608 resultare

54 648 225 738 voluerit,
243 661 303 718 aut
325 646 412 719 illud
432 646 632 721 convellere
654 661 760 747 atquc
773 673 940 722 evacuare
957 665 1111 750 tempta-

54 765 168 849 verit,
193 761 360 860 primitus
374 760 555 833 Christum
579 777 612 833 et
638 776 799 832 sanctum
820 776 1015 862 martyrem
1038 769 1112 865 ejus

55 878 249 950 Nazarium
267 873 427 948 nefandis
441 874 584 947 ausibus
599 877 669 946 suis
682 875 903 947 contrarium
921 879 1063 972 sentiat,
1078 896 1114 954 et

56 996 217 1092 insuper,
233 993 319 1066 fisco
327 993 576 1092 distringente,
593 993 764 1064 muletam
779 991 823 1066 de
838 994 945 1068 rebus
960 1000 1115 1098 propriis

54 1109 149 1210 parti
163 1107 324 1207 praedicti
338 1106 550 1180 venerabilis
563 1109 768 1181 monasterii
786 1125 927 1182 coactus
944 1114 1113 1202 exsolvat,

54 1227 134 1298 auri
152 1225 315 1298 videlicet
332 1223 461 1299 libram
472 1251 600 1312 unam,
618 1231 755 1323 argenti
768 1225 889 1323 pondo
903 1252 969 1298 x11.
988 1229 1116 1303 Ethoo

56 1355 323 1426 testamentum,
338 1354 444 1438 atque
458 1338 534 1411 baec
543 1336 690 1412 donatio
701 1354 821 1438 nostra
835 1339 935 1412 firma
948 1357 985 1414 et
997 1345 1117 1419 invio-

53 1459 126 1530 lata
139 1471 357 1556 permaneat.
374 1456 420 1527 Et
436 1458 478 1541 si,
498 1481 717 1557 quocunqne
730 1474 905 1556 tempore,
921 1488 939 1531 a
956 1461 1120 1560 quolibet

56 1573 204 1647 homine
224 1573 320 1645 aliud
340 1575 622 1645 instrumentum
637 1575 674 1645 in
688 1590 814 1647 nostro
833 1577 980 1650 nomine
996 1580 1120 1676 prola-

56 1705 137 1760 tum
149 1689 278 1778 fuerit,
305 1687 403 1789 quod
420 1687 504 1759 huic
527 1705 653 1763 nostro
669 1704 882 1764 testamento
899 1695 1119 1767 contrarium

54 1808 125 1894 sit,
144 1804 317 1878 indicium
336 1804 503 1877 datorum
523 1806 681 1878 anterius
696 1806 753 1879 vel
768 1808 944 1904 posterius
963 1808 1095 1883 liabens
1106 1867 1117 1899 ,

55 1903 192 1997 etiamsi
211 1949 319 1994 manu
343 1937 462 1994 nostra
483 1920 644 1994 videatur
666 1921 721 1994 vel
747 1920 887 1994 dicatur
907 1951 979 1998 esse
1001 1924 1120 1999 firma·

56 2053 156 2125 tum,
178 2064 329 2109 vacuum
346 2054 381 2110 et
399 2038 505 2109 inane
523 2052 722 2124 remaneat,
742 2054 778 2109 ct
795 2037 937 2110 nullum
953 2039 1119 2114 effectum

55 2153 241 2241 obtineat,
256 2153 316 2226 sed
325 2207 336 2241 ,
350 2168 392 2223 ut
407 2150 659 2250 praediximus,
677 2150 752 2223 haec
766 2150 914 2227 donatio
927 2169 1048 2230 nostra
1060 2183 1119 2257 pe·

55 2269 162 2341 renni
177 2265 367 2340 stabilitate
383 2266 485 2339 firma
500 2283 536 2340 et
550 2264 763 2340 inviolabilis
777 2286 989 2366 perseveret,
1004 2271 1121 2371 stipu-

55 2386 191 2458 latione
208 2382 371 2455 subnixa.
392 2384 441 2454 Et
470 2397 508 2454 ut
534 2382 603 2455 boc
621 2397 894 2471 testamentum,
912 2379 1014 2483 juxta
1033 2388 1119 2488 legis

56 2500 366 2587 consuetudinem,
381 2500 558 2598 integram
567 2497 773 2570 firmitatem
785 2500 948 2597 accipiat,
960 2505 1118 2601 propriae

55 2644 183 2689 manus
205 2615 467 2714 subscriptione
483 2612 572 2685 illud
584 2613 727 2685 firmare
744 2612 977 2706 decrevimus,
993 2632 1030 2690 et
1041 2618 1117 2692 ido·

56 2761 210 2809 neorum
220 2735 376 2826 testium,
385 2733 448 2832 qui
458 2731 808 2831 ipsamdonationcm
816 2730 997 2821 viderunt,
1008 2734 1119 2834 signa·

57 2853 147 2925 culis
158 2852 322 2926 roborari
335 2851 654 2925 fecimus—Facta
665 2845 812 2921 donatio
829 2850 866 2921 in
881 2851 1116 2926 Laureslramo

54 2968 290 3055 monasterio,
312 2991 339 3038 11
356 2964 433 3037 idus
448 2961 670 3063 septembris,
692 2988 788 3035 anno
807 2989 845 3035 vr
863 2966 961 3064 regni
978 2965 1115 3039 domini

56 3086 172 3157 nostri
192 3083 392 3158 Hludowici
410 3081 653 3182 gloriosissimi
669 3079 899 3178 Imperatoris
914 3081 951 3152 in
964 3084 1028 3156 Dei
1041 3109 1114 3157 no·
1205 3080 1215 3103 ”

57 3203 157 3274 mine
175 3200 339 3274 feliciter.

107 3318 186 3416 Ego
213 3315 415 3388 Einhardus
440 3330 606 3415 peccator
628 3329 664 3386 et
682 3312 835 3386 donator
858 3317 1050 3415 recognovi
1080 3332 1116 3390 et

58 3462 169 3507 manu
185 3434 330 3533 propria
346 3431 546 3531 subscripsi.
565 3434 643 3532 Ego
664 3434 774 3503 lmma
792 3433 953 3504 consensi
973 3447 1010 3505 et
1033 3433 1118 3506 sub·

57 3553 196 3650 scripsi.
212 3552 242 3647 †
256 3551 406 3650 Signum
419 3547 646 3648 Rabangarii.
661 3547 852 3647 †Siglrum
864 3547 1114 3623 Warbotonis.

40 3674 89 3767 '†
107 3671 258 3769 Signum
272 3665 473 3740 Wollberti
492 3683 528 3739 et
544 3667 709 3738 aliorum.

109 3788 187 3885 Ego
209 3785 447 3856 Hirmimarus
464 3782 633 3858 diaconus
657 3798 693 3855 et
717 3782 878 3854 notarius
902 3782 1116 3880 imperialis,

59 3917 211 4001 rogante
228 3898 430 3986 Einhardo,
460 3896 527 3970 hoc
551 3911 801 3972 testamentum
824 3896 947 3995 scripsi
974 3912 1010 3970 et
1033 3899 1120 3970 sub·

60 4043 198 4115 scripsi.

137 4290 177 4335 11.
