3090 5302
567 370 760 434 Etttttattttt
783 370 959 433 CHARTAE.
1241 368 1300 430 tta

238 495 380 595 Moyni,
394 518 476 594 quae
488 492 668 594 quondam
685 492 863 592 Drogonis
876 490 1017 565 comitis
1030 489 1202 588 possessio
1211 485 1295 577 fuit,

235 630 272 686 et
290 612 398 685 babet
414 610 595 684 basilicam
611 637 758 710 parvam
783 635 888 682 muro
904 608 1049 681 factam.
1069 609 1110 679 ln
1130 632 1199 707 qua
1216 606 1299 678 villa

236 744 321 801 sunt
338 729 450 800 mansi
476 726 744 814 novemdecim,
771 743 807 800 et
826 727 917 799 servi
943 724 1110 824 praesenti
1138 739 1301 822 tempore

236 861 421 918 manentes
442 870 524 916 cum
542 841 714 916 uxoribus
733 859 770 916 et
793 841 914 915 liberis
935 868 1087 914 numero
1106 841 1296 929 tredecim3

236 988 297 1033 seu
317 975 354 1032 et
376 960 412 1031 in
439 960 548 1032 altera
567 959 649 1032 villa
670 957 794 1032 eodem
813 958 1003 1044 vocabulo,
1023 984 1129 1057 supra
1146 957 1299 1032 eundem

238 1079 410 1167 lluvium,
442 1105 525 1180 qum
552 1093 699 1154 vocatur
726 1076 877 1151 inferior
902 1076 1138 1174 Mulinheim,
1171 1077 1209 1147 in
1232 1102 1298 1176 qua

237 1212 322 1269 sunt
338 1198 449 1268 mansi
467 1213 645 1297 quatuor,
665 1210 700 1269 et
717 1196 807 1268 servi
825 1210 1009 1268 manentes
1029 1192 1201 1282 totidem,
1218 1221 1299 1267 cum

237 1314 411 1386 uxoribus
426 1329 461 1386 et
474 1313 648 1412 parvulis,
667 1314 727 1408 qui
743 1313 927 1411 pertinent
941 1310 984 1384 ad
997 1313 1158 1411 superius
1168 1311 1300 1385 dictam

238 1431 372 1504 villam.
393 1434 491 1504 llanc
515 1432 654 1520 villam,
682 1432 717 1503 id
741 1445 793 1504 est
815 1431 1037 1529 superiorem
1058 1429 1298 1520 Mulinheim,

238 1574 320 1619 cum
339 1546 555 1644 appendiciis
570 1547 641 1619 suis
655 1561 691 1620 et
704 1546 889 1644 mancipiis
904 1546 1060 1645 propriis
1076 1543 1119 1617 ad
1133 1573 1210 1620 eam
1225 1573 1302 1645 per·

240 1661 456 1749 tinentibus,
477 1679 513 1736 et
528 1662 604 1736 baec
620 1663 740 1736 omnia
759 1663 1024 1762 suprascripta,
1038 1688 1121 1734 cum
1132 1662 1300 1755 ecclesiis,

239 1777 442 1867 villaribus,
462 1778 648 1868 domibus,
665 1779 875 1877 mancipiis,
893 1777 1010 1868 silvis,
1027 1780 1146 1867 terris,
1166 1779 1299 1879 pratis,

238 1897 395 1993 pascuis,
421 1895 540 1994 aquis,
567 1920 784 1997 aquarumve
805 1892 1034 1983 decursibus,
1058 1894 1164 1967 cultis
1175 1911 1222 1969 et
1246 1896 1303 1969 iu·

240 2013 363 2100 cultis,
388 2039 469 2084 cum
495 2011 664 2086 omnibus
687 2012 890 2110 adjacentiis
918 2027 955 2085 et
979 2010 1218 2111 appendiciis,
1243 2028 1303 2088 to·

243 2144 319 2200 tum
337 2144 371 2201 et
389 2126 431 2200 ad
451 2129 649 2229 integrum,
666 2127 840 2227 praedicto
853 2126 948 2200 fideli
967 2142 1093 2201 nostro
1104 2125 1301 2215 Einlrardo,

241 2259 278 2316 et
294 2244 436 2344 conjugi
452 2247 525 2343 ejus
542 2246 688 2332 lmmae,
710 2246 747 2315 in
766 2244 957 2344 proprium
977 2270 1041 2342 per
1061 2243 1153 2316 banc
1170 2259 1303 2320 nostrae

241 2360 445 2435 donationis
461 2348 709 2434 auctoritatem
726 2361 976 2455 concessimus.
993 2363 1045 2432 lta
1060 2358 1243 2449 videlicet,
1263 2378 1305 2434 ut

241 2476 417 2578 quidquid
443 2475 487 2548 ab
509 2477 679 2550 hodierna
699 2475 757 2549 die
784 2476 819 2581 in
845 2475 1033 2566 futurum,
1059 2475 1103 2549 de
1125 2477 1305 2575 praedictis

241 2593 349 2665 rebus
366 2608 400 2665 et
414 2593 514 2677 locis,
526 2593 580 2665 vel
593 2590 637 2665 de
651 2591 705 2664 his
719 2616 801 2691 quae
814 2589 857 2662 ad
873 2617 928 2662 eas
943 2590 1139 2688 pertinent,
1154 2593 1233 2689 jure
1245 2589 1305 2664 he-

243 2710 414 2783 reditario
432 2708 546 2783 lacere
560 2708 753 2796 voluerint,
771 2710 807 2783 in
823 2707 991 2783 omnibus
1004 2708 1189 2807 potiantur
1204 2706 1305 2780 arbi-

245 2829 316 2901 trio
326 2826 494 2916 faciendi;
508 2842 544 2900 et
555 2827 675 2899 nullus
684 2824 856 2928 quislibet
869 2852 910 2899 ex
923 2823 1087 2899 fidelibus
1096 2826 1304 2900 SanctaeDei

243 2944 412 3017 Ecclesiae
428 2960 464 3017 et
481 2944 633 3032 nostris,
658 2942 702 3016 de
724 2942 941 3041 praescriptis
962 2939 1091 3030 rebus,
1108 2957 1306 3016 memorato

245 3059 340 3132 fideli
358 3076 483 3135 nostro
496 3077 531 3134 et
547 3060 692 3160 conjugi
710 3085 783 3132 suae
801 3087 819 3131 a
836 3056 941 3131 nobis
957 3061 1149 3147 concessis,
1171 3057 1305 3158 aliquid

246 3174 447 3249 abstrahere
457 3191 519 3247 aut
533 3177 695 3250 minuere
709 3191 860 3274 temptet
874 3207 883 3248 :
896 3174 954 3249 sed
967 3175 1072 3248 liceat
1084 3175 1133 3248 eis
1147 3176 1236 3274 ipsas
1251 3203 1307 3250 res

245 3293 367 3392 quiete
382 3290 510 3367 habere
526 3309 563 3367 et
579 3293 777 3393 possidere,
798 3309 834 3368 et
850 3299 907 3366 cui
921 3293 1103 3368 voluerint
1110 3297 1192 3393 jure
1206 3291 1305 3368 bere·

246 3410 376 3483 ditario
406 3410 619 3512 relinquere.
654 3413 699 3486 Et
720 3430 761 3485 ut
786 3410 862 3486 haec
889 3413 1082 3485 auctoritas
1108 3412 1307 3513 largitionis

248 3542 403 3613 nostrae,
425 3551 490 3624 per
511 3527 687 3603 curricula
712 3554 910 3615 annorum,
936 3527 1177 3602 inviolabilem
1201 3544 1309 3628 atque

250 3642 494 3716 inconvulsam
509 3660 684 3744 perpetuo
703 3644 865 3720 obtineat
881 3645 1111 3732 firmitatem,
1131 3660 1197 3718 eta
1219 3642 1309 3717 lide-

247 3759 342 3834 libus
368 3762 499 3834 nostris
526 3778 599 3834 tam
623 3761 860 3862 praesentibus
883 3789 991 3864 quam
1012 3777 1048 3835 et
1069 3760 1222 3848 futuris,
1246 3785 1307 3834 seu

249 4041 334 4096 Hesse
347 4043 513 4098 Darmstadt.
529 4044 622 4116 Voyez
634 4045 768 4103 besselius
780 4061 816 4103 au
825 4056 883 4101 mot
896 4047 1068 4118 trungowe,
1085 4044 1131 4100 lib.
1148 4062 1187 4112 tv,
1198 4063 1225 4119 p.
1240 4042 1307 4112 686,

251 4143 281 4189 n⁰
296 4153 405 4191 ccxcvu.
