3166 5280
257 485 317 544 2⁶20
480 488 662 551 HISTORIA
684 492 1000 566 TRANSLATIONlS,
1022 512 1085 555 ure,

682 756 807 815 CAPUT
828 755 886 817 lll.

256 900 364 982 Aliqua:
373 906 498 988 reliquia
509 915 602 972 sancti
612 914 795 989 Marcellini,
810 916 879 975 olim
893 915 1010 989 ablatae,
1023 918 1230 997 impetrantur,
1242 932 1273 977 ct
1281 920 1318 979 ad

457 1009 513 1069 alia
524 1011 585 1072 loca
599 1016 820 1077 transferuntur.
830 1014 1021 1075 -bliracula
1031 1015 1115 1075 lactn.

304 1181 364 1249 22.
392 1182 448 1277 (a)
466 1186 668 1260 Transactis
691 1188 884 1262 admodum
903 1191 1045 1289 paucis,
1063 1204 1258 1291 postquam
1272 1190 1317 1263 ad

255 1294 465 1371 comitatum
479 1328 662 1393 veneram,
677 1305 823 1395 diebus,
842 1332 931 1405 ego,
949 1305 1146 1380 secundum
1163 1334 1317 1383 eonsue-

256 1410 417 1487 tudinem
429 1419 629 1494 aulicorum
646 1425 817 1496 maturius
831 1450 991 1523 surgens,
1001 1425 1124 1522 primo
1136 1450 1245 1499 mane
1255 1450 1317 1523 ps·

254 1527 379 1603 latium
391 1537 491 1631 petii.
504 1537 556 1612 lbi
567 1566 648 1613 cum
663 1542 860 1642 ingressus,
873 1540 1099 1627 llildoinum,
1108 1538 1317 1640 cujuslibro

253 1649 437 1744 superiore
461 1659 683 1731 mentionem
706 1659 792 1745 feci,
823 1658 1019 1733 anteferes
1041 1658 1131 1759 regii
1156 1656 1316 1731 cubiculi

254 1763 449 1860 sedentem,
463 1787 569 1873 atque
578 1801 755 1874 egressum
767 1776 941 1875 principis
955 1774 1201 1875 operientem,
1217 1776 1317 1849 inre-

254 1879 402 1971 nissem,
422 1912 464 1958 ex
482 1915 582 1964 more
600 1892 791 1965 salutatum
808 1917 973 1992 surgere,
994 1906 1101 1994 atque
1124 1890 1169 1965 ad
1191 1918 1317 1993 quam-

251 1992 332 2067 dam
346 1997 559 2092 fenestram,
578 2008 622 2081 de
634 2035 703 2109 qua
722 2011 759 2082 in
779 2009 949 2084 inferiora
962 2008 1084 2109 palatii
1102 2025 1317 2106 conspectus

250 2129 344 2201 erat,
365 2142 504 2192 mecum
517 2125 680 2200 accedere
695 2130 829 2227 rogavi.
844 2127 900 2200 Ad
916 2153 1025 2229 qnam
1037 2128 1174 2227 pariter
1185 2128 1315 2203 stando

251 2229 521 2325 incumbentes,
537 2240 581 2314 de
600 2244 831 2319 translatione
854 2260 1060 2319 sanctorum
1084 2259 1315 2345 martyrum,

251 2346 450 2424 Marcellini
468 2372 504 2429 et
522 2357 637 2449 Petri,
658 2388 723 2435 nce
740 2389 815 2437 nou
833 2377 871 2436 et
886 2361 931 2436 de
947 2361 1146 2451 miraculo,
1158 2360 1261 2463 quod
1277 2363 1315 2435 in

251 2460 350 2537 lluxu
367 2471 526 2565 cruoris,
542 2502 616 2575 quo
637 2476 796 2552 loculum
816 2503 942 2553 eorum
957 2493 1092 2578 septem
1110 2474 1238 2551 diebus
1255 2504 1316 2549 su·

249 2577 346 2655 dasse
373 2595 672 2681 commemoravi,
699 2610 882 2669 ostensum
911 2611 982 2683 est,
1008 2593 1176 2669 mirando
1199 2595 1314 2666 multa

248 2723 369 2772 sumus
388 2703 508 2779 locuti.
528 2710 690 2813 Cumque
706 2714 749 2785 ad
770 2713 804 2786 id
821 2713 890 2786 loci
906 2709 1179 2786 sermocinando
1195 2710 1315 2783 venis

249 2840 378 2906 semus,
397 2840 438 2894 ut
453 2827 561 2900 etiam
577 2829 621 2903 de
638 2832 882 2915 vestimentis,
901 2858 984 2931 quae
1001 2854 1084 2902 cum
1097 2825 1315 2929 corporibus

249 2958 375 3007 corum
401 2940 543 3016 inventa
567 2963 674 3033 sunt,
696 2950 834 3023 mentio
858 2948 982 3036 lierct3
1003 2964 1111 3049 atque
1126 2972 1194 3047 ego
1210 2946 1313 3019 mirae

249 3049 457 3129 subtilitatis
469 3079 601 3135 vestem
609 3062 702 3137 beati
717 3066 918 3139 Marcellini
931 3066 1038 3139 fuisse
1052 3061 1311 3151 discremina,

249 3165 348 3239 velut
360 3173 422 3269 qui
438 3202 511 3247 rem
526 3205 626 3279 acque
640 3197 682 3252 ut
695 3208 761 3282 ego
779 3198 903 3255 notam
919 3180 1085 3269 baberet,
1100 3206 1182 3253 vera
1199 3204 1258 3253 me
1269 3176 1313 3251 de

247 3285 405 3358 vestibus
424 3291 551 3369 dixisse
571 3300 769 3396 respondit.
794 3301 861 3372 Hie
882 3325 949 3400 ego
968 3299 1185 3399 stupefactus
1205 3312 1312 3397 atquc

247 3401 446 3496 admirans,
464 3419 667 3510 percontari
680 3419 794 3518 coepi,
808 3418 902 3490 unde
918 3417 969 3489 illi
984 3415 1060 3491 baec
1072 3416 1310 3489 vestimento-

248 3544 350 3607 rum,
370 3550 452 3622 quae
474 3554 661 3631 uunquam
686 3533 840 3620 viderat,
864 3534 992 3605 notitia
1013 3532 1227 3631 contingere
1248 3552 1310 3629 po·

249 3639 384 3713 tuissct.
398 3643 445 3716 At
461 3645 584 3722 illeme
594 3651 759 3740 intuitus,
771 3650 956 3750 paululum
968 3648 1067 3722 siluit
1082 3701 1093 3736 ,
1107 3673 1148 3720 ae
1157 3646 1304 3721 deinde:

251 3786 268 3822 α
281 3756 417 3846 Satius,
440 3764 580 3863 inquit,
596 3794 668 3840 esse
685 3767 864 3853 arbitror,
884 3782 924 3838 ut
935 3793 1000 3866 per
1017 3791 1075 3838 me
1093 3788 1306 3863 cognoscas,

282 4074 321 4141 (a)
339 4075 392 4129 llic
412 4076 508 4149 incipit
527 4076 607 4131 Liber
623 4097 645 4130 u
665 4080 693 4132 in
705 4076 772 4132 edit.
792 4077 922 4139 Suriana;
935 4094 1018 4151 quarn
1032 4074 1061 4129 in
1080 4072 1167 4127 libros
1183 4070 1303 4143 descrip-

248 4162 349 4216 tionem
372 4167 519 4235 genuinam
537 4168 656 4223 auctoris
674 4186 731 4221 csse
747 4166 870 4241 prodeant
883 4167 963 4222 verba
984 4166 1064 4239 cujats
1083 4164 1154 4217 libau
1167 4166 1304 4235 superam

248 4258 487 4329 nwnrimmnjici.
