3090 5302
235 430 294 489 *ΗΒ
475 424 656 483 HISTORIA
679 424 866 482 'ttttttstt't
877 423 995 499 touls,
1019 448 1080 494 arc.

235 545 580 644 collocari—qualis
602 570 664 642 per
685 560 797 615 totam
821 570 911 641 pene
930 546 1081 618 Galliam
1105 548 1150 621 de
1168 550 1288 623 iisdem

234 663 362 734 sanctis
388 659 608 761 Martyribus
631 659 721 731 fama
747 675 858 744 esset,
883 663 933 733 eis
956 662 1113 737 iudicare
1140 667 1286 737 curavi:

233 776 555 852 commonefaciens
578 804 637 850 eos
664 794 704 847 ut
721 779 919 875 cogitarent
935 780 962 849 si
989 780 1123 881 aliquid
1148 782 1219 853 tale
1235 782 1287 855 vet

233 897 347 967 simile
363 893 438 981 his,
457 921 540 994 quae
553 894 742 968 ttitdoinus
753 892 797 965 de
813 893 908 965 barto
924 893 1121 995 presbyteri
1136 898 1192 968 sui
1208 924 1291 971 asto-

233 1010 355 1099 rebat,
377 1012 412 1082 in
440 1012 492 1081 via
520 1036 645 1084 eorum
670 1008 805 1082 factum
830 1010 1013 1084 advertere
1037 1012 1092 1086 vel
1111 1014 1288 1087 reminisci

232 1129 445 1228 potuissent.
467 1127 535 1219 Qui
554 1128 670 1198 statim
689 1126 731 1196 ael
753 1152 809 1199 me
834 1127 871 1198 iu
892 1127 1061 1225 palatium
1082 1130 1288 1216 venientes,

232 1245 333 1318 valde
353 1242 527 1341 disparem
546 1241 620 1329 bis,
639 1268 720 1341 quse
742 1240 932 1314 Hilduiuus
950 1241 1110 1327 dicebat,
1135 1242 1291 1317 fabulam

233 1357 453 1431 detulerunt.
474 1356 564 1429 Nom
577 1357 612 1428 iu
629 1356 754 1454 primis
769 1357 912 1442 omnia,
931 1384 1013 1456 quae
1031 1356 1222 1459 presbyter
1234 1358 1291 1433 itte

231 1476 404 1550 llildoiuo
417 1474 608 1560 retulerat,
621 1473 788 1547 falsaesse
806 1476 922 1547 testati
939 1491 1173 1579 sunt3uoque
1185 1476 1290 1551 ullam

231 1610 353 1692 postea
377 1617 484 1691 quam
503 1593 616 1665 Roma
642 1590 828 1676 exierunt,
852 1589 907 1664 vel
934 1591 984 1663 illi
1007 1592 1223 1694 presbytero
1237 1594 1291 1667 vel

234 1707 382 1781 cuilibet
399 1707 500 1779 alteri
519 1705 636 1777 datam
654 1704 764 1777 fuisse
778 1706 1022 1795 occasionem,
1044 1734 1109 1804 per
1123 1734 1234 1808 quam
1249 1708 1292 1783 ad

233 1820 403 1922 ejusmodi
419 1820 557 1893 lacinus
571 1818 851 1919 perpetrandum
863 1820 1000 1895 aditum
1011 1821 1145 1899 babere
1156 1826 1292 1925 potuis·

233 1953 299 2012 set.
318 1935 388 2009 Sed
410 1933 479 2010 boc
497 1935 615 2034 ipsum
637 1933 737 2034 quod
758 1935 801 2008 de
818 1937 924 2008 sacris
942 1941 1147 2038 Martyrum
1165 1941 1291 2015 eiua-i·

234 2057 302 2129 bus
318 2055 422 2128 aliter
439 2068 546 2152 atque
563 2050 732 2123 debuerat
749 2050 913 2126 accidisse
930 2052 1131 2143 constabat,
1151 2056 1291 2145 Romo,

235 2176 273 2247 iu
285 2173 395 2245 domo
410 2166 631 2260 Deusdouae,
650 2195 714 2267 per
731 2170 914 2243 avaritiam
931 2172 1122 2246 bunisouis
1138 2174 1294 2249 etval'ri-

236 2293 321 2363 tiam
350 2286 538 2361 memorati
572 2284 771 2386 presbyteri
803 2289 1014 2387 contigisse,
1050 2316 1096 2363 oo
1131 2292 1295 2367 videlicet

237 2426 398 2508 tempore
423 2430 497 2506 quo
514 2429 644 2502 colpus
665 2401 759 2476 beati
778 2405 998 2495 Marcellini,
1022 2407 1067 2479 de
1086 2408 1211 2481 tumba
1233 2436 1292 2483 sua

237 2525 438 2610 sublatum,
460 2523 496 2594 iu
508 2521 619 2593 domo
632 2520 830 2597 Deusdonae
841 2522 1061 2613 servabatur,
1075 2526 1294 2629 modumque

236 2642 320 2715 sacti
340 2639 445 2711 talem
462 2637 569 2708 fuisse
591 2635 773 2709 dixerunt.
805 2640 1026 2713 Memoratus
1048 2640 1108 2715 ille
1134 2642 1293 2719 tlttdotut

236 2758 439 2859 presbyter,
450 2781 524 2854 spe,
535 2779 645 2853 quam
654 2754 698 2825 de
708 2756 818 2827 sancti
831 2754 987 2829 Tiburtii
1001 2784 1156 2858 corpore
1164 2761 1295 2861 adipis-

238 2872 352 2949 cendo
376 2884 606 2968 conceperat,
629 2868 839 2956 frustratus,
861 2899 907 2945 ue
927 2872 1081 2948 omniuo
1101 2902 1236 2951 vacuus
1250 2878 1292 2949 ut

237 2991 427 3064 dominum
443 3012 546 3060 suum
565 3001 826 3079 reverteretur,
845 2990 943 3087 quod
957 2989 1025 3064 lide
1037 3018 1115 3066 uon
1131 3010 1290 3095 potent,

238 3107 363 3182 fraude
375 3105 508 3206 assequi
525 3104 670 3176 molitus
683 3121 748 3177 est.
763 3105 853 3179 Nam
868 3108 1086 3182 Lunisonem
1098 3136 1290 3213 aggressus,

238 3226 320 3327 quia
340 3247 530 3322 pauperem
549 3248 590 3293 ac
602 3223 754 3321 proinde
767 3224 938 3323 cupidum
961 3253 1035 3301 esse
1052 3248 1290 3329 cognoverat,

240 3342 369 3414 oblatis
384 3340 415 3413 ei
437 3353 594 3438 quatuor
617 3340 732 3412 aureis
755 3341 929 3428 nummis,
948 3344 1141 3447 quinisque
1157 3350 1289 3449 argenti

240 3458 378 3543 solidis,
406 3455 448 3528 ad
473 3455 716 3552 proditionem
741 3456 937 3529 faciendam
961 3458 1087 3535 illexit.
1107 3462 1291 3565 Accipient

239 3575 337 3650 enim
354 3570 510 3646 oblatam
527 3572 733 3669 pecuniam,
753 3599 884 3661 arcum,
902 3575 938 3646 iu
960 3602 1029 3677 qua
1050 3602 1183 3679 corpus
1201 3580 1288 3657 beati

240 3689 438 3768 Marcellini
453 3703 529 3761 erat
544 3688 758 3763 aDeusdona
769 3690 971 3791 depositum
983 3711 1090 3796 atque
1104 3697 1286 3787 inclusum,

240 3808 400 3911 aperuit,
420 3819 455 3879 et
473 3805 523 3877 illi
545 3808 763 3907 nequissimo
785 3808 957 3883 nebuloni
977 3810 1161 3888 auferendi
1187 3842 1231 3891 ex
1252 3840 1286 3891 α

239 3923 337 4029 quod
359 3921 484 4007 vellet,
502 3922 644 4021 qualem
663 3924 736 4021 ipse
751 3940 950 4024 optauerat,
962 3944 1176 4027 potestatem
1195 3930 1281 4007 lecit.

242 4044 316 4117 Neo
330 4040 389 4112 ille
406 4039 443 4111 in
463 4064 501 4112 ea
518 4038 642 4138 rapina
661 4064 787 4137 parcus
807 4040 880 4114 fuit
896 4075 905 4115 ε
924 4069 1008 4116 nam
1024 4059 1166 4120 tautum
1177 4046 1222 4123 tle
1233 4072 1281 4119 sa·

242 4158 310 4228 cris
336 4153 428 4227 beati
459 4152 628 4252 Martyris
656 4153 836 4229 cineribus
856 4158 1018 4249 sustulit,
1042 4178 1280 4259 quantumst
