3166 5280
252 444 313 507 tto
586 444 777 507 Etttntttm
801 442 977 507 cutum.

249 579 457 638 nostrorum
473 562 639 662 delegasti
652 580 759 663 atque
771 562 937 656 firmasti,
955 562 1016 637 sed
1030 576 1153 661 postea
1167 575 1226 633 tut
1237 560 1301 633 luit

250 682 398 779 petitio,
428 697 465 753 et
489 696 610 754 nostra
635 707 709 753 non
733 681 920 782 denegavit
937 680 1122 767 voluntas,
1141 694 1184 752 ut
1199 680 1303 779 ipsam

249 822 326 869 rem
339 811 375 869 ct
391 796 449 867 illa
464 811 571 879 terra,
584 794 683 896 quod
695 794 938 870 Thiodsumda
949 793 1087 882 hahuit,
1101 793 1303 893 perbenefi·

251 913 346 984 cium
361 928 525 986 nostrum
537 913 602 985 tibi
614 911 820 987 Nordberto
831 912 900 988 hoc
907 912 1196 1012 prestitissemus.
1206 910 1304 1004 Quod

251 1028 348 1100 itaet
365 1027 513 1102 fecimus
522 1057 533 1120 ς
556 1028 650 1103 etad
666 1055 818 1103 onorem
837 1044 941 1103 tuum
956 1028 1103 1131 quando
1119 1026 1305 1129 aliquantis

249 1142 473 1242 temporibus
482 1143 525 1217 ad
536 1147 793 1220 monasterium
805 1163 971 1219 nostrum
981 1144 1139 1231 venires,
1155 1142 1222 1217 tibi
1232 1168 1305 1243 pro

250 1262 400 1335 vendam
414 1262 497 1337 dare
515 1263 695 1351 faciamus,
718 1279 754 1337 et
770 1288 838 1362 pro
855 1288 921 1335 usu
938 1260 1139 1337 fructuario
1154 1258 1201 1335 de
1224 1260 1306 1359 ipsas

251 1402 306 1449 res
319 1374 424 1450 nobis
440 1404 584 1451 censum
598 1378 718 1451 levasti
735 1393 776 1449 ut
787 1378 890 1451 annis
905 1376 1067 1477 singulis,
1081 1376 1129 1449 ad
1140 1374 1305 1449 festivita·

252 1507 323 1566 tem
340 1495 461 1566 Sancti
478 1495 641 1582 Martini,
661 1494 745 1568 dare
763 1493 888 1568 debeas
905 1492 1069 1567 denarios
1081 1517 1126 1582 11,
1140 1508 1180 1565 et
1197 1491 1314 1591 ipsum

252 1636 396 1683 censum
408 1610 540 1685 debent
549 1611 676 1684 sratres
684 1612 854 1711 accipere.
869 1615 916 1684 Et
928 1611 979 1683 sic
990 1609 1096 1683 nobis
1106 1607 1307 1709 conplacuit

251 1744 357 1827 atque
374 1729 542 1802 convenit
560 1744 602 1800 nt
615 1730 703 1827 ipsas
721 1756 777 1803 res
794 1755 860 1801 nec
876 1728 1059 1815 venderis,
1071 1752 1141 1801 nce
1152 1726 1305 1811 donaris,

252 1871 318 1918 nec
329 1846 504 1933 alienaris,
518 1873 584 1919 nec
595 1844 865 1932 concambiaris,
876 1845 990 1918 necin
1004 1842 1110 1917 nullo
1123 1840 1307 1943 naufragio

252 1965 395 2035 mittere
416 1963 595 2037 licentiam
612 1990 686 2038 non
706 1962 849 2051 habeas;
871 1961 939 2034 nisi
962 1975 1119 2047 tantum,
1139 1958 1231 2032 dnm
1250 1957 1307 2030 diu

250 2079 438 2169 advixeris,
453 2081 584 2151 usitare
597 2095 632 2153 ct
650 2079 857 2151 emeliorare
870 2077 986 2150 facias.
998 2079 1059 2164 Et,
1071 2092 1157 2175 post
1169 2074 1307 2149 obitum

254 2215 370 2287 tuum,
392 2200 489 2300 quod
510 2216 550 2272 tu
565 2203 774 2299 comparasti
792 2215 829 2273 et
844 2202 880 2273 in
901 2198 1076 2273 beneficio
1099 2212 1232 2273 nostro
1249 2196 1310 2269 lta·

252 2316 374 2403 huisti,
390 2335 426 2390 et
442 2318 500 2391 illa
510 2318 610 2392 alode
623 2318 720 2418 quod
733 2334 834 2392 antea
849 2317 1036 2405 tradidisti,
1048 2314 1096 2389 ab
1110 2315 1177 2390 illo
1184 2314 1310 2389 dietas

252 2458 307 2505 res
326 2433 453 2506 fratres
468 2432 534 2506 hoc
548 2432 677 2506 habere
697 2432 850 2507 debeant
872 2432 915 2507 ad
933 2458 1093 2505 mensam
1108 2446 1146 2505 ct
1164 2428 1211 2504 ad
1224 2454 1311 2531 opus

252 2575 391 2622 eorum.
401 2549 742 2623 EtOdbertusliccat
751 2550 952 2649 percensire
964 2548 1031 2623 lroc
1040 2546 1141 2621 clero
1150 2546 1257 2621 veld.
1271 2572 1308 2632 n,

252 2680 288 2737 et
301 2667 415 2764 ipsum
429 2692 574 2738 censum
586 2666 718 2739 debent
731 2664 858 2738 fratres
867 2666 1039 2764 accipere,
1053 2664 1117 2763 qui
1131 2662 1230 2735 inlm
1239 2686 1312 2735 mo·

252 2782 408 2853 nasterio
422 2795 519 2869 sunt,
538 2782 574 2852 in
586 2782 822 2853 anniversaria
838 2780 890 2851 tui
902 2804 969 2878 pro
980 2777 1099 2851 anima
1116 2792 1196 2849 tua.
1210 2776 1312 2849 Facta

251 2900 420 2997 prestaria
444 2900 481 2971 in
499 2900 717 2972 monasterio
730 2898 918 2972 Blandinio
931 2894 1079 2996 publico
1095 2892 1168 2967 sub
1186 2894 1248 2971 die
1261 2918 1310 2967 ιιι

251 3011 321 3085 kal.
342 3013 448 3087 Febr.
471 3041 568 3088 anno
589 3040 651 3087 xvr
674 3029 845 3115 regnante
863 3013 999 3087 domno
1021 3026 1154 3087 nostro
1170 3010 1312 3085 llludo-

250 3131 342 3205 wico
355 3133 609 3231 gloriosissimo
628 3134 854 3231 imperatore.

291 3296 315 3373 †
336 3295 398 3353 Eoo
411 3294 579 3355 Emmaus
590 3317 670 3356 ansas
685 3317 847 3359 arcocnorr
861 3317 897 3356 ar
911 3314 1075 3357 summa.
1087 3294 1229 3377 -Sigm
1245 3294 1312 3379 Ege

331 3398 425 3457 shario
439 3398 629 3461 vicedomino.
641 3399 769 3481 -sign.
786 3398 927 3459 Badurico
940 3410 1036 3457 custus
1048 3396 1114 3475 (sic)
1130 3396 1310 3479 presbytero.

331 3499 461 3581 -Sign
480 3500 653 3581 Winegario
670 3500 778 3560 decano
800 3498 1120 3581 presbytero-Siga.
1139 3496 1312 3559 Fletumtto

332 3602 508 3682 presbytero.
518 3601 644 3683 -Sign
661 3600 854 3661 Ermenlando
864 3602 1040 3683 presbytero.
1050 3599 1187 3683 -Sigm
1202 3600 1312 3683 Regm-

332 3704 439 3763 rnundo
465 3703 640 3783 presbytero.
665 3736 707 3750 —
727 3703 806 3785 Sign.
836 3702 1040 3785 Thcgcnlando
1066 3700 1249 3783 presbytero.
1273 3732 1312 3749 -

331 3839 371 3853 -
382 3806 462 3888 Siga.
479 3804 641 3887 Hrodgario
655 3806 787 3869 diacono.
799 3837 840 3851 -
851 3804 931 3887 Siga.
951 3804 1099 3865 Johanaus
1113 3806 1182 3879 (sic)
1195 3800 1312 3863 sahlin-

331 3932 414 3968 eono.
427 3908 557 3990 -ssiga
584 3908 672 3968 Odric
693 3905 1017 3987 subdiacono-Siga.
1039 3902 1231 3965 Teutmondo
1252 3902 1312 3965 ets-

330 4015 399 4072 rico.
413 4013 542 4093 —Sigm
561 4011 735 4071 Folcuuinzo
748 4010 861 4069 clerico.
874 4042 915 4055 -
929 4008 1009 4089 Sign.
1027 4006 1181 4087 sigeberto
1195 4006 1307 4065 clerico.

331 4113 461 4192 -Sign
481 4110 649 4171 Brunlrardo
670 4110 784 4167 clerieo.
796 4107 928 4187 -Sign
951 4105 1103 4187 Adnlgarin
1124 4105 1310 4167 attacum.-

330 4213 408 4289 Sign.
432 4211 609 4289 Egelmnndo
631 4210 804 4289 presbytero.
818 4207 945 4283 -Sigrn
973 4206 1168 4265 Erehcnntnro
1192 4204 1307 4285 presby·

330 4328 399 4374 tero.
413 4348 453 4358 —
466 4313 527 4371 Eae
544 4314 689 4372 llrsnlnus
704 4331 830 4371 ransart.
846 4328 955 4367 semesi.
