3166 5280
251 493 311 555 342
476 497 659 562 HISTORIA
680 498 997 575 mansuetiores,
1021 520 1086 561 rac.

665 766 790 827 CAPUT
810 766 899 828 vlll.

249 995 391 1056 Miracula
408 994 558 1069 Gandavi,
575 998 604 1056 in
621 997 792 1057 monasterio
805 996 834 1057 S.
850 994 990 1070 Bononia,
1009 994 1048 1055 ad
1062 992 1205 1077 reliquias
1215 992 1307 1053 hm

355 1096 535 1157 Sanctorum.
546 1096 668 1156 -Caeci
680 1109 744 1156 octo
758 1096 924 1156 illuminati.
944 1094 1003 1157 Atii
1017 1096 1087 1179 agri
1100 1092 1210 1175 adjuti.

301 1332 361 1405 76.
386 1330 489 1404 Alter
508 1330 653 1405 libellus
675 1326 766 1403 mihi
788 1327 930 1404 oblatus
953 1342 1007 1403 eat
1025 1327 1073 1403 de
1095 1328 1309 1403 monasterio

252 1446 374 1519 Sancti
390 1446 560 1536 Bavonis,
577 1446 675 1546 quod
691 1447 801 1519 situm
816 1462 870 1519 est
880 1448 983 1545 juxta
1003 1443 1166 1519 Scaldim
1185 1444 1223 1519 in
1237 1444 1311 1519 loeo

252 1561 376 1636 Ganda
395 1576 543 1651 vocato,
566 1560 630 1635 ubi
657 1560 751 1635 idem
778 1562 893 1635 amnis
914 1562 1034 1663 legiae
1056 1558 1203 1635 flumini
1226 1586 1312 1635 con-

248 1681 428 1781 jungitur,
438 1709 457 1752 a
468 1679 642 1753 fratribus
656 1678 790 1754 ibidem
799 1682 876 1753 Deo
887 1676 1147 1767 servientibus,
1161 1702 1311 1779 quorum

252 1812 382 1896 rogatu
402 1796 570 1898 reliquias
590 1812 874 1871 memoratorum
896 1794 1032 1870 Christi
1050 1794 1258 1893 Martyrum
1275 1792 1312 1867 ad

254 1914 349 1987 idem
375 1915 635 1987 monasterium
659 1914 763 2003 misi;
791 1914 830 1986 in
852 1938 928 2015 quo
955 1912 1034 1987 hoeo
1060 1936 1130 2012 per
1153 1908 1312 1985 ordinem

253 2044 350 2129 gesta
367 2046 508 2131 reperta
525 2047 623 2104 sunt.

303 2146 413 2220 Anno
431 2145 476 2219 ab
498 2147 745 2220 incarnatione
766 2145 913 2219 Domini
938 2146 1057 2221 nostri
1078 2148 1168 2221 Jeeu
1188 2144 1312 2221 Christi

255 2263 555 2363 octingentesimo
582 2263 752 2336 vicesimo
776 2278 924 2353 octavo,
952 2278 1137 2337 venerunt
1158 2262 1312 2365 reliquia

255 2395 466 2454 sanctorum
488 2379 620 2453 Christi
647 2396 850 2480 martyrum
873 2376 1075 2455 Marcellini
1097 2395 1138 2455 et
1154 2380 1254 2453 Petri
1277 2376 1312 2451 ad

257 2491 518 2565 monasterium
543 2492 582 2564 S.
601 2492 768 2577 Rationis,
788 2491 847 2567 die
864 2491 996 2591 quinto
1017 2516 1205 2565 nonarum
1223 2488 1312 2591 julii,

254 2608 344 2683 feria
354 2624 466 2697 sexta,
481 2606 679 2682 indictione
689 2634 742 2681 vr.
752 2609 876 2683 Tertia
887 2631 974 2682 vero
989 2605 1061 2697 die,
1077 2604 1115 2681 id
1125 2606 1314 2697 undem

256 2726 337 2799 nica
353 2725 537 2825 proxima,
558 2751 640 2824 quae
656 2724 729 2798 suit
746 2724 855 2797 tertio
878 2748 991 2799 nonas
1006 2724 1137 2823 julias,
1154 2722 1312 2825 quaeda·

256 2843 375 2944 puella
391 2868 502 2931 caeca,
527 2843 677 2915 nomine
695 2839 902 2929 Hartlinda‚
921 2841 966 2915 de
982 2840 1066 2914 villa
1081 2866 1169 2942 quae
1191 2840 1314 2913 Fusae-

256 2989 347 3037 num
359 2960 572 3061 appellatur,
586 2986 696 3061 quam
709 2976 811 3059 pater
824 2975 862 3034 et
872 2974 989 3033 mater
1002 2959 1120 3033 testati
1138 2970 1314 3035 suntoeto

257 3078 361 3152 annis
373 3078 564 3152 oculorum
573 3078 691 3151 officio
701 3078 866 3166 caruisse,
882 3102 966 3151 cum
976 3077 1203 3167 antealtare,
1218 3100 1315 3177 super

256 3197 357 3299 quod
376 3222 486 3269 sacrae
504 3195 710 3295 Martyrum
725 3196 888 3297 reliquia
906 3210 1011 3269 erant
1028 3194 1180 3297 positoe,
1198 3194 1316 3269 fuisset

257 3312 429 3401 adducta,
448 3338 571 3387 coram
579 3312 750 3387 omnibus
759 3314 822 3413 qui
834 3313 981 3387 aderant
987 3365 1000 3402 ,
1011 3312 1148 3401 visum,
1162 3312 1317 3389 Domino

256 3432 468 3516 miserante,
483 3428 632 3527 recepit.
648 3429 735 3503 lude
752 3446 832 3528 post
844 3428 921 3503 dies
933 3444 1033 3519 octo,
1050 3428 1178 3519 idest,
1193 3442 1317 3531 quarto

258 3546 337 3621 idus
354 3546 459 3644 julii,
486 3541 635 3617 adducta
661 3560 714 3619 est
737 3544 847 3619 altera
872 3544 989 3646 puelia
1015 3544 1186 3619 similiter
1208 3570 1316 3630 cen,

256 3666 406 3741 nomine
422 3660 633 3751 Helmrada,
655 3662 699 3737 de
717 3663 800 3736 villa
821 3663 937 3763 Magle
960 3676 1170 3763 nuncupata
1192 3694 1203 3737 s
1224 3666 1318 3763 cnjus

256 3798 423 3886 parentes
444 3780 488 3854 de
504 3805 544 3853 ea
560 3780 785 3868 retulerunt,
802 3778 903 3881 quod
917 3796 1040 3855 octava
1055 3777 1115 3855 die
1129 3794 1318 3883 postquam

257 3902 434 4001 baptizata
456 3897 549 3988 fuit,
575 3894 692 3969 subita
715 3898 875 3973 caecitate
897 3922 1060 3997 percussa
1083 3896 1145 3971 sit.
1171 3898 1265 3993 Quae
1286 3910 1319 3971 et

258 4020 331 4117 ipsa
348 4015 469 4089 statim
486 4038 607 4088 coram
625 4020 730 4085 sacris
748 4014 953 4114 Martyrum
971 4010 1155 4087 cineribus
1173 4013 1317 4105 lumen,

257 4135 356 4235 quod
369 4138 442 4232 jam
458 4130 594 4204 dudum
611 4128 785 4229 perdidit,
802 4132 960 4206 Domino
970 4128 1040 4203 sibi
1055 4128 1252 4222 reddente,
1268 4158 1319 4207 te·

257 4254 365 4351 cepit.
382 4254 477 4325 Exin
493 4250 551 4323 die
569 4251 691 4340 tertia,
705 4250 804 4349 quod
821 4250 891 4323 suit
908 4248 1023 4347 pridie
1039 4246 1120 4321 idus
1136 4248 1246 4345 julii,
1263 4276 1319 4325 ve·
