3090 5302
236 467 255 524 8
556 463 749 526 ElNHAllDl
772 464 978 526 EPISTOLAE.

237 580 319 657 idco
338 607 437 662 nunc
452 581 497 656 ad
516 607 577 656 vos
592 582 651 683 (ι)
668 584 866 674 mittimus,
881 602 923 658 ut
939 584 1081 659 eumad
1096 585 1306 660 diaconatus

234 699 394 776 officium
416 699 585 776 ordinare
601 699 780 802 jubeatis,
804 704 833 775 si
855 701 1016 777 videritis
1040 702 1110 778 hoc
1133 707 1305 781 canonice

235 816 313 893 lieri
342 844 445 919 posse
468 844 535 919 per
559 819 666 896 talem
687 821 892 910 rationem,
907 799 1003 922 ,quae
1030 822 1243 897 continetur
1267 825 1304 896 in

234 936 381 1035 epistola
404 932 544 1008 abbatis
566 940 659 1036 ejus,
682 963 791 1039 quam
813 965 932 1039 nuper
952 938 996 1012 ad
1016 964 1094 1028 me,
1117 966 1201 1012 cum
1222 966 1305 1014 euru

216 1051 277 1124 ade
299 1051 421 1128 eadem
445 1079 547 1127 causa
570 1054 625 1152 (a)
648 1055 873 1128 consulerem
902 1071 1011 1157 atque
1037 1082 1224 1156 rogarem,
1247 1057 1306 1129 di-

232 1168 328 1242 rexit
341 1196 352 1256 3
385 1195 495 1271 quam
524 1169 632 1244 ctiam
659 1168 764 1244 vobis
793 1198 859 1272 per
888 1171 1056 1247 eumdem
1081 1172 1233 1247 fratrem
1262 1172 1306 1246 ad

233 1282 424 1388 legendum
441 1286 537 1375 misi,
558 1288 595 1361 in
612 1312 699 1389 qus,
715 1305 756 1360 ut
768 1279 945 1376 arbitror,
964 1290 1087 1363 statim
1104 1289 1305 1392 intelligere

232 1401 382 1502 potestis
399 1417 525 1475 utrum
549 1402 609 1476 illa
629 1405 853 1480 consecratio
875 1405 986 1481 modo
1007 1404 1086 1480 fieri
1105 1406 1238 1505 possit,
1258 1433 1304 1480 an

233 1520 271 1593 in
289 1519 386 1594 aliud
404 1537 546 1623 tempus
561 1521 756 1597 differenda
775 1525 835 1597 sit.
855 1524 931 1598 Oro
946 1540 983 1598 et
1000 1539 1091 1624 opto
1110 1540 1151 1596 ut
1168 1526 1305 1597 sancti·

232 1649 344 1710 tatem
356 1651 526 1725 vestram,
542 1635 609 1711 sibi
620 1637 751 1713 devote
769 1641 1000 1732 servientem,
1020 1664 1174 1741 superna
1191 1641 1303 1738 gratia

232 1770 425 1854 temperet
442 1753 577 1857 ubique
598 1755 801 1846 custodiat,
827 1756 1047 1830 sanctissime
1069 1784 1111 1866 ac
1134 1781 1304 1831 reveren-

231 1870 367 1945 tissime
382 1887 498 1970 pater.

484 2472 520 2532 V.
545 2472 596 2532 AD
616 2470 795 2532 JACOBUM
817 2469 1049 2532 EPlSCOPUM‚

613 2632 659 2692 lle
671 2630 855 2693 ordinatione
869 2631 923 2710 (3).
947 2659 949 2663 ·

282 2789 490 2868 Venerabili
511 2791 550 2864 iu
571 2787 717 2863 Christo
738 2785 896 2882 Jacobc,
915 2787 1207 2863 reverentissimo
1229 2786 1307 2886 epi-

233 2934 364 3009 scopo,
382 2903 589 2980 Einhardus
611 2922 792 3004 peccator.
807 2947 856 2960 -
869 2905 938 2978 lste
961 2903 1133 2989 clericus,
1156 2901 1308 2976 nominc

233 3026 421 3111 otmarus,
443 3020 575 3097 detulit
596 3020 685 3094 mihi
710 3021 847 3094 litteras
868 3020 1067 3093 sanctitatis
1087 3033 1242 3107 vestrae,
1269 3020 1307 3090 in

233 3141 367 3245 quibus
384 3166 443 3214 mc
457 3138 610 3240 angustis
630 3152 673 3211 ut
694 3137 809 3212 eidem
831 3138 965 3213 clerico
983 3138 1167 3211 licentiam
1183 3137 1307 3210 darem

231 3256 421 3334 vobiscum
446 3255 637 3342 manendi,
658 3255 722 3356 qui
748 3255 785 3328 iu
811 3253 878 3328 hac
899 3255 1048 3357 regione
1072 3269 1109 3328 et
1137 3268 1243 3328 natus
1270 3266 1307 3327 et

233 3376 395 3451 nutritus
417 3387 483 3449 est.
509 3372 560 3446 Et
583 3399 651 3474 ego
673 3372 884 3474 qualitatem
911 3398 1025 3446 causoe
1050 3371 1305 3460 considerans,

232 3492 374 3568 decrevi
399 3516 582 3565 assensum
610 3490 668 3588 (4)
695 3487 860 3590 praebere
887 3489 1057 3589 petitioni
1083 3503 1233 3578 vcstrae,
1261 3512 1306 3561 eo

232 3609 400 3685 videlicet
423 3606 556 3696 modu,
580 3623 623 3681 ut
641 3607 736 3681 idem
753 3607 918 3696 clericus,
937 3632 1021 3679 cum
1037 3605 1109 3679 suis
1131 3599 1306 3678 fras-ibus

265 3903 305 3970 (a)
323 3899 374 3956 tta
385 3907 444 3953 tres
454 3913 534 3951 voces
543 3915 572 3951 n·
586 3915 614 3950 c
627 3914 657 3951 ν.
668 3913 684 3950 a
694 3895 819 3970 pristinis
824 3893 982 3950 editoribus
988 3894 1095 3950 omitto
1106 3893 1232 3948 luerunt.

264 3992 305 4062 (a)
323 3987 394 4046 eod.
408 3987 445 4043 de
458 3986 555 4044 eodem
564 4005 662 4042 causa.

266 4075 305 4150 (3)
323 4078 378 4133 llic
390 4074 505 4132 titulus:
519 4075 563 4132 De
574 4073 766 4143 ordinatione,
777 4074 827 4148 qui
841 4073 872 4129 iu
883 4072 969 4130 editis
982 4069 1168 4141 desiccatur,
1182 4068 1260 4125 adest
1274 4069 1303 4122 ia

231 4169 336 4234 codice,
345 4167 380 4222 ad
389 4167 500 4223 initium
510 4165 640 4240 epistola,
649 4164 752 4222 litteris
764 4162 925 4236 mjmeuti·
934 4162 1096 4236 insu-ipsus.

266 4259 306 4329 (l)
323 4257 393 4314 Coc.
403 4255 562 4313 adsensum.
