3166 5280
269 362 325 419 180
489 358 672 419 HISTORIA
693 354 1010 431 l‘llANSLlTlONlS,
1033 376 1097 417 arc.

264 479 523 580 propterquod
536 495 683 550 venerat
694 477 854 577 negotio,
868 478 1019 549 Romam
1033 475 1154 550 redire
1166 490 1298 575 pataret,

264 596 414 696 ‹qeaadam
432 598 508 682 die,
529 595 762 668 humanitatis
775 621 899 684 causa,
917 595 1017 667 velut
1037 594 1302 695 peregrinus,ad

263 714 455 812 prandium
472 730 609 789 nostrae
624 714 809 813 parvitatis
825 741 843 784 a
860 710 967 785 nobis
979 728 1033 784 est
1045 712 1221 784 invitatus
1234 742 1243 783 ε
1258 709 1304 781 ilti-

261 858 331 930 que
346 832 441 902 inter
455 829 703 929 prandendum
717 828 820 928 plura
835 828 969 915 locuti,
985 852 1146 930 eousque
1161 827 1307 901 sermoti-

260 949 381 1020 nando
400 949 645 1048 pervenimus,
667 962 709 1018 ut
730 946 774 1018 de
792 945 1026 1019 translatione
1047 944 1216 1045 corporis
1235 942 1309 1019 bati

259 1064 457 1137 sebastiani
481 1090 520 1135 ac
544 1063 714 1163 neglectis
731 1076 937 1162 martyrum
954 1061 1148 1161 sepulcris,
1172 1084 1312 1163 quorum

258 1183 385 1254 Romae
399 1182 523 1279 ingens
535 1180 637 1279 copia
655 1194 727 1266 est,
743 1178 883 1250 mentio
901 1176 1015 1250 fieret.
1031 1176 1121 1252 lnde
1133 1176 1180 1251 ad
1190 1176 1313 1253 dedica·

260 1301 397 1374 tionem
411 1327 517 1374 novae
531 1298 687 1370 basilicae
700 1314 836 1370 nostrae
854 1322 1020 1370 sermone
1036 1322 1238 1383 converso,
1251 1322 1315 1395 per

260 1417 400 1488 contari
415 1415 531 1514 coepi,
546 1440 706 1514 quonam
727 1412 836 1486 modo
858 1411 901 1484 ad
916 1412 951 1484 id
968 1414 1160 1511 pervenire
1172 1438 1314 1511 possem,

259 1549 300 1605 nt
325 1533 462 1634 aliquid
487 1533 531 1607 de
555 1534 647 1605 veris
673 1546 882 1604 sanctorum
911 1531 1093 1632 reliquiis,
1114 1532 1180 1632 qui
1203 1532 1317 1607 llomae

257 1651 507 1752 requiescunt,
521 1648 609 1722 mihi
627 1649 772 1748 adipisci
790 1645 1040 1748 contingeret?
1055 1649 1124 1720 Hic
1136 1648 1198 1722 illc
1210 1648 1317 1747 primo

257 1769 403 1868 quidem
423 1768 617 1859 haesitavit,
631 1782 666 1840 et
679 1765 834 1867 qualiter
852 1764 888 1837 id
905 1764 982 1838 fieri
998 1782 1132 1865 posset,
1143 1792 1182 1839 sc
1193 1764 1318 1839 nocie

257 1885 458 1984 respondit.
473 1884 610 1958 Deinde
627 1910 709 1956 cum
727 1910 786 1956 me
803 1881 846 1957 de
864 1883 928 1955 hac
951 1910 988 1957 re
1007 1884 1209 1958 sollicitum
1221 1882 1317 1957 simul

257 2018 294 2074 ct
320 2004 502 2076 curiosum
529 2027 602 2075 esse
629 2001 950 2089 animadverteret,
973 2000 1081 2075 altera
1098 2000 1168 2075 vdie
1190 2028 1229 2075 se
1249 2026 1319 2103 per·

258 2118 458 2190 contationi
475 2144 563 2190 meae
582 2141 839 2214 responsurum
854 2144 927 2190 essc
939 2116 1121 2216 promisit.

307 2247 343 2317 3.
373 2245 458 2315 Post
477 2242 571 2328 haec‚
593 2268 676 2314 cum
706 2242 836 2314 iterum
862 2270 880 2313 a
908 2269 966 2315 me
986 2242 1112 2317 fuisset
1133 2246 1318 2333 inritatus,

258 2361 425 2459 protinus
439 2386 458 2434 e
474 2359 555 2432 sinu
568 2358 731 2431 libellum
743 2358 831 2431 mihi
846 2361 1028 2460 porrexit,
1044 2388 1178 2463 rogans
1192 2380 1319 2439 uteum

255 2478 352 2553 solus
372 2478 591 2578 perlegerem
599 2508 609 2564 ;
636 2477 776 2578 sibique
799 2478 845 2553 de
863 2478 917 2551 his
929 2535 940 2568 ,
963 2506 1046 2582 quae
1063 2482 1101 2555 in
1126 2508 1173 2557 eo
1195 2484 1319 2585 scripu

254 2610 376 2681 erant,
395 2594 483 2696 quid
499 2595 589 2668 mihi
611 2596 787 2694 placeret,
815 2595 972 2669 indicare
994 2623 1069 2672 non
1095 2598 1318 2703 dedignarer.

254 2712 384 2811 Accepi
404 2710 582 2796 libellum,
599 2726 635 2784 et
649 2728 690 2783 ut
709 2712 768 2785 ille
786 2713 903 2811 petiit,
916 2713 1012 2787 solus
1024 2730 1161 2791 secrete
1173 2714 1318 2817 perlegi.

254 2827 522 2903 Continebatur
540 2829 576 2902 in
595 2855 639 2902 co
660 2861 668 2900 :
696 2856 769 2903 esse
786 2829 853 2901 sibi
873 2829 971 2904 domi
985 2832 1161 2932 plurimas
1177 2848 1321 2909 sancto·

255 2970 337 3015 rum
352 2944 541 3046 reliquias,
560 2972 688 3045 casque
700 2974 736 3019 se
754 2945 842 3018 mihi
854 2946 938 3020 dare
952 2947 1042 3022 velle
1052 3002 1064 3037 ,
1075 2950 1104 3021 si
1118 2976 1203 3027 meo
1213 2948 1321 3025 fultus

254 3061 433 3159 adjutorio
451 3064 600 3135 Romam
626 3065 757 3136 reverti
775 3066 974 3164 potuisset;
999 3082 1232 3168 compertum
1255 3066 1319 3142 sihi

252 3179 353 3265 fore,
373 3181 470 3281 quod
494 3181 584 3255 duos
600 3182 717 3255 mulos
739 3181 929 3277 haberem,
947 3209 1103 3285 quorum
1120 3186 1149 3259 si
1169 3184 1320 3261 alterum

252 3295 320 3368 sibi
336 3297 479 3385 darem,
493 3325 534 3370 ac
559 3325 678 3371 secum
698 3299 884 3373 hominem
898 3327 1020 3373 meum
1037 3300 1182 3376 fidelem
1201 3304 1321 3377 mitte·

250 3439 348 3499 rem,
384 3415 445 3515 qui
475 3414 551 3487 illas
577 3417 747 3516 reliquias
771 3417 817 3489 ab
845 3417 909 3490 illo
936 3419 1132 3518 reciperet,
1160 3420 1320 3523 miliique

250 3530 426 3617 deferret,
452 3533 573 3603 statim
597 3560 653 3604 eas
678 3533 767 3605 mihi
794 3560 830 3607 se
857 3536 1065 3609 missurum.
1093 3536 1319 3638 complacuit

249 3647 338 3720 mihi
357 3649 537 3721 suadentis
559 3651 770 3738 consilium,
792 3654 972 3752 statuique
994 3652 1099 3727 fidem
1116 3656 1318 3754 sponsionis

251 3767 400 3839 incertae
414 3768 579 3841 celeriter
599 3770 751 3867 experiri
767 3799 777 3856 ;
792 3796 833 3841 ac
851 3769 1022 3869 proinde,
1038 3769 1125 3845 dato
1136 3772 1240 3873 quod
1256 3800 1317 3875 pe·

251 3884 348 3958 tebat
360 3890 549 3984 jumento,
566 3886 682 3959 addita
702 3903 854 3987 propter
873 3889 1042 3961 viaticum
1057 3890 1233 3988 pecunia,
1252 3914 1313 3965 uo·

252 4005 383 4075 tarium
399 4032 541 4093 mcum,
559 4006 706 4078 nomine
720 4006 919 4079 Ratleicum
928 4061 939 4097 ,
954 4008 1038 4109 quia
1053 4024 1090 4082 et
1106 4008 1184 4110 ipsc
1193 4006 1313 4085 orandi

250 4146 350 4194 causa
368 4122 519 4196 Romam
542 4122 649 4196 eundi
665 4140 789 4196 votum
808 4122 981 4215 habebat,
1000 4152 1083 4199 cum
1105 4154 1151 4203 eo
1172 4154 1315 4233 pergere
