3166 5280
261 475 320 533 296
482 472 663 533 HlSTOlllA
685 474 1002 548 TRANSLATIONIS,
1021 494 1084 535 erc.

261 592 357 692 quod
376 591 485 681 idem,
506 619 580 666 non
598 592 728 686 latine,
747 595 806 668 sed
820 594 1005 667 barbarice
1019 593 1087 665 sibi
1104 592 1304 692 loquentem

258 706 477 807 intelligebat
485 737 497 797 3
519 726 662 781 curatus
679 727 816 800 autem,
837 737 911 785 non
931 708 1099 798 barbaro,
1122 706 1185 783 sed
1202 706 1305 779 latino

256 851 421 898 sermone
447 824 672 926 loquebatur.
699 828 769 918 Qui
798 829 904 900 etiam
933 825 1052 902 beatos
1077 827 1257 922 Martyres
1275 848 1306 895 se

253 942 402 1032 vidisse,
423 959 460 1014 et
476 943 587 1014 multa
605 969 685 1042 quae
705 943 781 1014 aliis
796 940 915 1014 dicere
930 941 1097 1026 deberet,
1121 936 1168 1010 ab
1190 938 1262 1011 illis
1274 964 1305 1011 te

255 1058 390 1130 audisse
404 1059 575 1129 narravit.
587 1058 655 1129 Sed
672 1084 752 1129 cum
767 1084 820 1146 ea,
831 1055 928 1129 velut
939 1057 976 1127 in
987 1056 1184 1127 crastinum
1193 1051 1307 1127 dictu-

253 1201 329 1263 rus,
348 1175 385 1244 in
400 1177 567 1272 praesenti
583 1174 716 1249 referre
733 1172 948 1262 distulisset,
969 1175 1006 1246 in
1021 1187 1165 1245 tantum
1183 1170 1236 1244 illi
1249 1196 1307 1269 per

253 1289 474 1364 oblivionem
496 1290 610 1365 deleta
635 1307 741 1378 sunt,
768 1305 809 1362 ut
833 1288 923 1361 nihil
947 1290 990 1362 de
1016 1286 1071 1361 his
1096 1288 1252 1363 omnino
1273 1312 1306 1361 se

253 1406 390 1479 audisse
405 1407 590 1482 recoleret.
611 1410 716 1479 Hunc
735 1433 818 1507 ego,
834 1413 917 1506 quia
933 1430 1067 1481 nomen
1079 1430 1185 1477 suum
1205 1404 1306 1505 igno-

250 1523 372 1609 rabat,
391 1540 542 1623 proptcr
558 1550 770 1624 prosperum
786 1523 930 1595 virtutis
947 1522 1134 1610 ellectum,
1153 1520 1304 1619 Prospe-

250 1666 332 1712 rum
358 1641 476 1714 vocari
494 1642 596 1738 jussi.
622 1641 691 1733 Qui
713 1640 828 1713 adhuc
851 1654 1031 1738 superest,
1055 1653 1091 1711 et
1110 1635 1206 1738 apud
1226 1662 1305 1709 cus-

252 1758 373 1830 todem
386 1759 559 1847 ecclesiae,
576 1760 612 1830 in
625 1758 763 1847 eodem,
778 1784 852 1858 quo
866 1759 963 1858 prins
978 1757 1107 1845 suerat,
1124 1770 1307 1855 permanet

248 1873 377 1946 officio.

299 2583 359 2651 55.
387 2577 504 2649 Pridie
527 2602 612 2649 vero
633 2604 738 2678 quain
763 2575 821 2649 hic
842 2578 996 2674 Prosper
1016 2574 1197 2674 loquelam
1216 2600 1308 2649 rece-

249 2699 378 2796 pisset,
407 2694 475 2768 hoc
500 2696 613 2767 estin
635 2695 753 2794 vigilia
781 2694 937 2792 ejusdem
958 2692 1183 2782 festivitatis,
1210 2694 1307 2767 veuit

250 2811 395 2913 quidam
409 2812 568 2910 juvenis,
590 2810 754 2883 similiter
771 2809 898 2882 surdus
915 2824 951 2883 et
966 2826 1105 2899 mutus,
1126 2809 1165 2882 in
1181 2806 1306 2881 basili-

250 2955 346 3016 cum3
367 2945 421 3014 et,
442 2953 524 2999 cum
541 2927 691 3026 supplici
709 2942 810 3027 gestu
821 2953 927 3025 opem
939 2927 1154 3000 Sanctorum
1173 2925 1309 3027 implo-

250 3060 363 3129 raret,
382 3039 569 3139 adjuvante
585 3042 761 3132 Domino,
781 3056 817 3115 et
835 3043 907 3142 ipse
924 3041 1118 3141 plenarium
1141 3040 1187 3116 de
1205 3056 1310 3116 utno-

249 3187 319 3260 que
339 3156 470 3231 morbo
489 3161 623 3231 meruit
639 3161 797 3259 recipere
820 3161 1019 3232 sanitatem.
1040 3161 1147 3233 llunc
1167 3158 1309 3246 itidem,

249 3294 291 3349 ut
314 3276 491 3376 priorem,
511 3278 593 3376 quia
621 3302 754 3349 nomen
779 3303 883 3348 suum
908 3302 1105 3377 numquam
1128 3275 1307 3367 audierat,

252 3392 507 3467 Godescalcum
518 3391 703 3491 appellavi.
719 3396 750 3464 ls
767 3411 897 3482 tamen,
915 3418 991 3466 non
1001 3408 1043 3465 ut
1051 3394 1221 3493 Prosper,
1235 3392 1308 3483 ned,

251 3526 292 3580 ut
306 3508 373 3580 sibi
387 3508 606 3608 gentilitium
620 3525 695 3580 erat
703 3563 714 3598 ,
730 3508 884 3582 barbaro
898 3535 1062 3582 sermone
1077 3508 1307 3611 loquebatur,

250 3640 438 3725 postquam
457 3624 486 3694 ei
510 3649 574 3721 per
594 3626 719 3697 merita
743 3625 955 3698 Sanctorum
978 3627 1079 3724 copia
1099 3626 1198 3701 fandi
1217 3650 1308 3701 oou·

251 3770 342 3816 cessa
362 3757 427 3815 est.

299 3861 359 3932 56.
387 3858 478 3928 Cum
501 3884 558 3929 me
580 3858 744 3956 quaedam
769 3860 973 3945 necessitas,
998 3856 1197 3933 secundum
1219 3885 1309 3937 oon·

249 3973 493 4062 suetudinem,
509 3974 719 4046 comitatum
734 3976 825 4073 regis
837 3975 932 4049 adire
945 3975 1176 4074 compelleret
1188 4002 1308 4051 mense

250 4089 468 4175 decembrio,
491 4091 526 4162 in
549 4092 644 4188 ipsis,
661 4090 687 4162 si
705 4090 798 4164 benc
817 4092 957 4179 recolo,
975 4089 1148 4180 kalendis,
1165 4090 1308 4167 deloco

250 4206 447 4302 Martyrum
463 4233 695 4303 promovens,
715 4210 876 4310 sequenti
892 4207 1003 4283 dicad
1019 4224 1195 4301 cestrum,
1210 4206 1306 4311 quod
