3166 5280
312 443 370 504 2⁴8
540 444 720 504 HISTORIA
744 445 1146 525 TRANSLAT10n18,nc.

306 565 343 637 in
361 593 435 665 quo
462 594 558 638 nurrc
575 568 827 666 requiescunt,
848 593 930 638 cum
958 569 1094 668 ingenti
1113 569 1274 643 fidelium
1296 596 1363 669 po-

303 683 474 782 pulorum
493 683 713 757 exultatione
728 684 881 782 perlata,
898 700 954 771 et,
978 684 1163 760 celebratis
1181 688 1219 759 in
1238 712 1361 785 eampo

302 800 499 896 missarum}
519 799 721 885 solemniis,
753 798 918 873 manibus
938 802 1183 891 sacerdotnm,
1203 828 1360 904 quorum

300 914 349 987 ibi
365 932 452 987 tunc
466 941 540 988 non
558 942 687 1015 parvus
700 943 870 989 numerus
882 934 958 990 erat
975 934 1235 1019 congregatus,
1253 920 1291 993 iu
1304 916 1360 991 ba-

298 1031 434 1103 silicum
447 1029 632 1130 deportate
656 1048 761 1116 sunt,
788 1030 1034 1134 feretrumque
1046 1059 1121 1133 quo
1136 1031 1360 1107 vehebantur

292 1149 394 1244 juxta
413 1146 523 1218 altare
541 1147 697 1245 positum
716 1161 787 1232 est,
805 1162 841 1219 et
859 1147 989 1220 iterum
1005 1148 1102 1221 aliud
1118 1147 1278 1221 officium
1291 1148 1360 1222 ibi·

295 1263 377 1338 dem
407 1264 576 1338 celebrari
599 1280 784 1363 coeptum,
813 1264 934 1339 subito
961 1265 1107 1366 quidum
1132 1264 1354 1353 adolescens,

295 1407 425 1455 renum
446 1380 680 1455 dissolutione
695 1382 842 1455 allectus
858 1397 967 1482 atque
987 1383 1069 1457 ideo
1085 1410 1215 1457 curvus
1231 1362 1274 1457 e'c
1290 1380 1357 1455 bs-

293 1499 382 1570 culis
402 1499 580 1584 innitens,
601 1499 645 1570 de
668 1496 781 1569 media
806 1498 1071 1572 circumstantis
1085 1498 1212 1599 populi
1229 1498 1356 1571 multi-

292 1615 417 1689 tudine
440 1618 625 1716 prorupit,
647 1641 754 1715 seque
781 1615 824 1687 ad
851 1615 1071 1690 adorandum
1089 1616 1265 1691 inclinare
1286 1642 1355 1691 cu·

291 1736 411 1834 piens,
442 1736 478 1806 in
501 1759 615 1835 genua
637 1730 857 1831 procubuit;
880 1732 939 1804 sed
961 1733 1094 1806 mirum
1117 1733 1155 1805 iu
1180 1732 1351 1821 modum,

290 1853 388 1928 velut
403 1851 526 1952 aliquo
543 1876 579 1923 se
591 1849 784 1924 revellente
800 1848 855 1924 vel
871 1851 991 1948 potius
1005 1851 1235 1937 retrahente,
1254 1852 1353 1950 supi·

289 1996 357 2041 nus
387 1967 535 2053 cecidit,
565 1965 761 2066 similisque
783 1966 978 2038 dormienti
1006 1965 1206 2039 diutissime
1220 1967 1348 2064 jacuit.

286 2083 382 2152 Tum
398 2080 497 2180 quasi
514 2076 701 2174 evigilans,
722 2077 758 2147 in
781 2102 915 2148 sessum
931 2104 968 2151 se
991 2078 1127 2164 erexit;
1152 2102 1193 2149 ac
1222 2075 1351 2152 deinde

285 2213 368 2298 post
390 2195 596 2296 paululum,
612 2193 714 2267 nullo
732 2193 1032 2282 adminiculante,
1050 2195 1224 2287 surrexit,
1238 2210 1350 2269 stans

283 2342 355 2418 que
375 2316 410 2387 in
432 2311 551 2387 medio
569 2310 794 2383 circumlusae
811 2311 1074 2400 multitudinis,
1089 2339 1161 2385 unn
1176 2338 1263 2386 curn
1276 2338 1349 2387 ees·

284 2433 369 2505 teris
382 2431 425 2504 de
436 2446 578 2529 recepta
589 2429 738 2501 sanitate
750 2430 880 2527 gratias
891 2430 1050 2528 agendo,
1065 2430 1129 2503 Dei
1147 2430 1348 2505 misericor·

281 2548 376 2620 diam
403 2544 629 2618 collaudavit.
651 2544 718 2614 llic
741 2570 776 2616 se
793 2544 838 2617 de
854 2569 946 2643 pago
973 2544 1144 2618 Portiano
1165 2570 1251 2618 cum
1267 2544 1347 2619 atii·

279 2660 494 2763 pauperibus
512 2688 551 2732 ac
576 2661 772 2760 peregrinis
792 2659 876 2732 illuc
906 2662 1061 2749 venisse,
1085 2661 1345 2763 Danielemque

278 2779 417 2865 vocari,
438 2774 544 2849 nobis
570 2774 869 2875 percontantibus
892 2775 1075 2849 indicavit.
1101 2777 1238 2851 Eadem
1264 2776 1343 2853 tere

276 2896 387 2987 bora,
415 2893 612 2994 eodemque
636 2910 677 2964 ut
704 2893 750 2965 ita
772 2892 888 2966 dicem
912 2910 1120 2981 momento,
1144 2920 1221 2996 quo
1246 2896 1276 2967 is
1295 2894 1342 2969 de

274 3041 347 3115 quo
377 3039 475 3085 nunc
510 3010 685 3095 diximus,
712 3012 805 3082 intra
836 3012 1018 3084 ecclesiam
1042 3027 1078 3085 et
1103 3038 1228 3087 eorum
1258 3013 1340 3111 ipso

270 3130 393 3215 altari,
411 3155 475 3226 per
494 3127 666 3199 virtutem
681 3125 811 3198 Christi
831 3143 868 3200 et
886 3127 1179 3203 intercessionem
1194 3129 1340 3227 Marty-

269 3272 372 3332 rum,
390 3243 574 3315 sanitatem
591 3259 642 3315 est
656 3257 889 3328 consecutus,
910 3243 1040 3315 mulier
1051 3241 1219 3342 quaedem
1232 3268 1337 3341 pem·

269 3360 394 3463 lytica,
410 3375 447 3431 et
457 3383 548 3456 pene
561 3359 724 3430 omnium
739 3357 988 3432 membrorum
1007 3358 1124 3434 officio
1137 3358 1333 3448 destitute,

267 3503 333 3576 pro
355 3472 494 3547 foribus
515 3473 670 3547 ecclesiae
685 3479 827 3572 jacens,
854 3475 891 3545 in
919 3474 1095 3546 auxilium
1115 3476 1169 3546 sui
1187 3490 1334 3549 sanctos

260 3596 438 3694 Martyres
457 3591 655 3678 invocavit,
671 3607 706 3665 et
729 3618 833 3677 mox,
854 3592 992 3664 cunctis
1009 3590 1243 3665 cernentibus
1260 3596 1328 3695 qui

261 3711 352 3781 cirea
367 3722 557 3791 steterant,
573 3707 685 3804 coepit
702 3707 892 3780 commotis
907 3704 1101 3779 visceribus
1119 3706 1218 3781 velut
1229 3734 1328 3781 nau-

257 3826 433 3900 seabunda
448 3825 613 3908 concuti,
632 3849 672 3893 ac
685 3821 812 3895 deinde
830 3849 994 3921 magnam
1013 3824 1086 3893 vim
1108 3821 1327 3924 phlegmatis

254 3971 295 4017 ac
307 3943 389 4015 bilis
399 3941 581 4016 vomendo
593 3941 781 4039 projicere.
795 3939 876 4031 Quo
888 3940 984 4013 lacto
992 3994 1003 4028 ,
1016 3938 1204 4038 paululum
1217 3965 1325 4041 aqum

252 4061 392 4159 frigidm
411 4086 572 4145 sumens,
601 4058 644 4132 dr.
664 4058 745 4131 loco
771 4059 807 4128 in
826 4083 901 4156 quo
914 4058 1053 4155 jacebat
1066 4084 1103 4131 se
1123 4057 1233 4132 levari
1250 4082 1321 4133 ro-

249 4179 363 4276 gavit,
388 4192 422 4246 et
444 4176 571 4248 baculo
597 4178 714 4248 nitens
733 4173 914 4246 basilicam
933 4174 1120 4261 introivit,
1139 4173 1321 4249 adoretis-
