3166 5280
266 427 328 487 stt
496 422 679 483 HISTORIA
701 423 1014 501 TutusLATlonls,
1036 446 1101 487 tre.

266 545 357 637 Quae
373 569 455 615 cunr
476 542 538 614 itto
555 541 837 616 antemeridiano
855 559 1037 642 tempore,
1058 542 1151 617 bora
1168 542 1317 617 videlicet

264 659 425 757 prandii,
448 658 686 757 pervenisset,
707 674 742 732 et
764 660 978 733 clericorum
995 661 1184 735 nemiuem
1200 658 1318 735 ibidem

265 777 473 863 invenisset,
492 820 538 831 -
554 801 637 846 nam
654 774 834 848 reficiendi
852 802 955 848 causa
971 775 1082 876 paulo
1097 792 1186 850 ante
1202 776 1319 851 discea-

262 907 441 965 serant-
457 907 575 964 tamen
599 891 833 991 introgressa,
860 890 969 964 filiam
988 895 1094 991 juxta
1110 918 1152 967 se
1170 898 1209 963 iu
1232 892 1321 991 pasi-

262 1024 386 1081 mento
418 1006 619 1081 collocavit.
652 1010 728 1106 lpsa
759 1023 878 1081 antem
911 1034 1130 1107 perparvum
1160 1032 1318 1093 oemum,

259 1152 367 1227 quem
392 1153 458 1225 pru
482 1151 631 1198 munere
651 1124 850 1217 detulerat,
875 1123 1097 1216 accendens,
1125 1142 1213 1201 aute
1233 1124 1320 1197 illam

260 1243 296 1313 iu
316 1240 443 1315 codem
466 1241 673 1339 pavimento
698 1242 841 1340 posuit,
868 1266 976 1341 seque
998 1238 1043 1315 ad
1064 1240 1250 1315 orandum
1268 1264 1320 1313 cu

259 1383 336 1429 ram
354 1358 461 1430 sacris
478 1355 675 1443 cineribus,
694 1383 778 1429 cnm
795 1384 932 1430 summa
949 1357 1149 1433 devotione
1165 1372 1319 1460 prostra-

258 1475 323 1546 vit.
338 1473 421 1567 Quo
432 1473 529 1548 sacto
538 1526 549 1562 ,
565 1474 641 1547 sine
653 1472 725 1545 ulla
740 1474 949 1573 interposita
963 1499 1088 1563 mora,
1105 1472 1248 1573 puella,
1262 1496 1319 1573 per

256 1616 447 1689 supernam
472 1590 622 1689 gratiam
645 1590 809 1663 omnium
835 1586 1084 1663 membrorum
1111 1588 1266 1661 sanitate
1282 1612 1318 1659 ac

256 1708 425 1781 {inanitate
441 1722 601 1807 recepta,
622 1722 736 1781 matre
749 1731 825 1780 non
843 1705 1039 1796 sentiente,
1060 1710 1243 1793 sarrazin
1260 1728 1316 1777 ee-

255 1848 429 1923 reumque
442 1822 504 1921 qni
519 1848 640 1896 coram
654 1848 691 1895 se
700 1819 841 1921 jacebat
853 1819 1016 1909 sustulit,
1027 1845 1070 1892 ac
1084 1834 1173 1919 post
1183 1834 1314 1921 tergum

249 1939 399 2037 jacentis
416 1938 591 2011 constitit.
608 1938 697 2030 Quae
716 1963 799 2010 cum
816 1936 981 2009 oratioue
997 1936 1203 2035 completa,
1219 1950 1314 2035 caput

254 2053 298 2128 de
313 2055 518 2152 pavimento
534 2053 702 2141 levasset,
726 2068 762 2126 et
786 2078 852 2125 uec
869 2076 1039 2139 cereum,
1065 2076 1136 2125 nec
1153 2050 1265 2123 filiam
1281 2050 1311 2121 iu

255 2195 298 2244 eo
313 2194 387 2268 quo
404 2185 572 2265 posucrat
592 2168 672 2240 loco
688 2194 760 2241 esse
777 2165 940 2257 vidisset,
962 2165 1148 2258 surrexit,
1169 2192 1311 2241 couter-

255 2310 381 2384 saque,
401 2284 509 2356 filiam
527 2311 622 2384 pone
640 2311 676 2356 se
691 2310 773 2355 cum
791 2310 895 2358 cereo
911 2299 1089 2375 stantem,
1109 2284 1230 2359 Deum
1242 2282 1310 2357 lau-

253 2404 340 2474 dans
354 2427 394 2473 ac
410 2399 634 2490 lurtabunda,
647 2400 846 2499 conspexit.
863 2400 979 2500 Igitur
990 2425 1074 2473 cum
1089 2399 1239 2473 nullum
1250 2396 1307 2485 ibi,

254 2520 309 2591 cui
328 2518 372 2592 dc
390 2518 524 2591 virtute
540 2534 730 2620 quaegesta
747 2518 865 2592 fuerat
884 2516 1020 2592 referre
1041 2534 1188 2617 posset,
1206 2516 1309 2591 adme

255 2634 409 2720 rideret,
428 2677 473 2690 -
488 2661 572 2706 uam
590 2651 722 2732 praeter
735 2660 924 2734 pauperes,
942 2634 1005 2734 qui
1023 2630 1161 2707 ibidem
1178 2632 1308 2707 merrdi-

253 2751 354 2824 candi
369 2752 481 2851 gratia
494 2748 719 2825 excubabant
727 2804 738 2840 ,
753 2775 863 2824 nemo
875 2750 970 2821 iutra
983 2748 1137 2823 oratorii
1151 2749 1305 2849 parietes,

252 2883 397 2967 excepta
414 2891 451 2938 se
466 2893 507 2939 ac
523 2865 594 2938 filia
611 2892 692 2953 sua,
712 2882 801 2938 tuuc
818 2881 915 2955 erat,
932 2863 1078 2966 aptando
1097 2864 1191 2939 ittud
1206 2864 1307 2937 min-

252 2985 376 3056 culum
404 2984 539 3057 factum
568 3000 621 3058 est
644 3026 693 3041 —
712 2984 805 3056 rotis
836 3008 920 3055 cum
947 2982 1147 3083 gratiarum
1176 2981 1306 3055 actione

251 3100 397 3186 solutis,
420 3098 568 3171 domum
586 3125 668 3170 eum
687 3098 758 3170 titia
779 3124 863 3171 sana
883 3114 991 3199 atque
1011 3096 1191 3173 incolumi
1210 3118 1306 3195 rupt-

252 3216 361 3288 davit.

298 3822 406 3919 Cujus
428 3818 573 3890 virtutis
599 3818 770 3891 indicium
796 3816 952 3918 qualiter
971 3816 1017 3890 ad
1039 3840 1109 3891 nos
1134 3816 1302 3915 perlatum

249 3940 315 4023 sit,
333 3936 455 4035 paucis
471 3934 668 4033 expediam.
688 3930 923 4019 Gerwaulus,
941 3930 1063 4031 palatii
1079 3928 1302 4007 biblictbem·

249 4055 342 4139 rius,
359 4052 416 4124 cui
433 4068 520 4123 tunc
535 4050 707 4148 temporis
723 4050 832 4122 etiam
850 4047 1090 4146 palatinorum
1102 4072 1255 4149 operum
1265 4070 1301 4115 ac

248 4182 509 4238 structurarum
531 4196 549 4237 a
576 4190 657 4263 rege
681 4190 765 4236 cura
784 4162 971 4237 commissa
988 4176 1088 4255 erut,
1103 4162 1151 4239 de
1168 4159 1300 4237 Novio·

1162 4814 1351 5218 ,J
