3166 5280
248 449 288 507 76
582 446 773 547 ttnnlttot
795 446 1000 510 EPISTOLAE.

386 656 481 720 XLII.
506 660 556 719 AD
579 659 866 724 HLUDOWICUM
888 656 1191 721 memnonem.

306 817 438 917 Magno
455 819 607 893 domino
631 844 754 894 servus
775 819 952 893 modicos.
969 860 1020 878 —-
1031 818 1235 893 Memorem
1250 842 1324 891 esse

250 937 432 1039 [precor]
454 938 648 1012 dominum
674 964 798 1013 mcum
815 937 1018 1038 piissimum
1028 932 1219 1038 quomodo
1234 930 1322 1008 milri

252 1053 438 1128 licentiam
450 1053 597 1128 dedistis
611 1069 672 1144 ut,
688 1054 834 1156 quando
848 1054 995 1129 domina
1013 1079 1093 1129 mea
1108 1052 1154 1127 ad
1167 1066 1324 1152 v‘osper·

251 1188 370 1273 geret,
389 1187 479 1246 tunc
497 1181 563 1274 ego
580 1173 625 1247 ad
636 1173 829 1249 beatorum
846 1172 981 1247 Christi
998 1174 1202 1273 Martyrum
1217 1169 1325 1246 servi·

252 1291 346 1363 tium
358 1288 563 1363 laciendum
578 1291 632 1391 (t)
645 1289 893 1391 proficiscerer
909 1320 918 1363 ε
933 1288 1112 1365 siclacere
1122 1288 1240 1366 volni.
1255 1286 1324 1364 Sed

250 1404 397 1482 domina
407 1433 486 1483 mea
489 1409 755 1508 jussitmepost
763 1435 800 1483 se
810 1407 855 1483 ad
864 1406 1325 1508 compendiumveuim,et

250 1552 338 1627 ego,
355 1527 462 1626 jussis
479 1527 554 1625 ejus
568 1524 759 1615 obediens,
776 1525 1035 1627 cumprimum
1051 1522 1209 1599 caballos
1224 1548 1324 1599 meos

250 1641 381 1719 habere
392 1645 511 1744 potui,
524 1643 713 1742 postillam
723 1643 767 1716 ad
777 1642 1043 1743 compendium
1051 1640 1321 1743 pergereooepi.

249 1764 291 1836 ln
316 1789 388 1863 qua
415 1762 644 1863 profectione
665 1762 800 1864 splenis
825 1759 934 1834 simul
959 1758 1169 1833 acronium
1195 1756 1324 1835 dolore

251 1893 458 1979 correptus,
486 1879 524 1951 in
552 1894 696 1952 tantum
712 1879 861 1953 affectus
878 1902 978 1968 sum,
995 1877 1115 1951 utrix
1139 1876 1180 1950 in
1199 1876 1323 1951 decem

250 1992 376 2067 diebus
397 1992 442 2067 de
461 1995 628 2094 Trajecto
652 1992 698 2068 ad
720 1993 951 2072 valentianas
968 1993 1022 2092 (a)
1046 1992 1241 2067 venissem.
1267 1988 1322 2066 lbi

251 2134 336 2181 cum
360 2135 419 2183 mc
438 2111 513 2209 jam
535 2109 697 2209 equitare
720 2135 797 2184 non
822 2135 926 2209 posse
954 2107 1127 2183 sentirem
1143 2106 1321 2205 (3)‚'veni

251 2253 271 2296 a
287 2250 378 2298 nave
396 2224 454 2325 (A)
471 2223 515 2297 ad
533 2225 707 2297 Sanctum
718 2223 766 2297 N.
793 2223 1026 2324 {Batonem}
1039 2219 1240 2324 Navigandi
1257 2246 1322 2322 per

251 2338 423 2440 [casusl]
442 2367 551 2442 aeger,
569 2357 677 2442 atque
691 2340 742 2415 ibi
760 2344 913 2416 nuncin
933 2343 1073 2444 magnis
1088 2339 1265 2442 angustiis
1281 2350 1322 2413 'ac

249 2456 443 2532 doloribus
465 2459 623 2557 positus,
643 2485 767 2559 quaeso
790 2476 898 2562 atque
921 2485 989 2534 oro
1013 2474 1055 2533 ut
1078 2458 1192 2559 pietas
1207 2472 1335 2551 sesua*

253 2574 343 2649 mihi
362 2576 546 2651 licentiam
571 2577 656 2681 dare
680 2576 849 2677 dignetur
864 2577 1037 2679 pergendi
1055 2575 1099 2649 ad
1115 2575 1257 2666 locum,
1285 2572 1323 2647 in

249 2719 327 2794 quo
344 2695 491 2795 piorum
507 2711 749 2796 patronorum
767 2695 825 2794 (5)
845 2708 1050 2770 vestrorum
1075 2706 1211 2767 sacrata
1237 2716 1324 2767 cor-

249 2836 341 2911 pora
355 2813 598 2913 requiescunt.
616 2813 766 2887 Possum
782 2812 882 2886 enim
895 2811 982 2885 illuc
997 2809 1142 2913 navigio
1158 2810 1197 2883 iu
1213 2808 1324 2911 quin·

251 2927 368 3001 decim
381 2926 506 3000 diebus
518 2926 563 3000 de
573 2927 899 3002 sanctoN.vcnire.
910 2923 1188 3027 Magnumvobis
1199 2948 1323 3001 coram

251 3046 328 3118 Deo
342 3042 544 3118 mercedem
556 3068 765 3142 comparare
782 3046 950 3142 potestis,
965 3044 994 3116 si
1007 3068 1066 3117 me
1077 3040 1122 3115 ad
1134 3042 1324 3117 servitium

253 3176 462 3233 sanctorum
477 3185 629 3232 suorum
643 3161 696 3233 ire
713 3159 946 3259 permittitis,
956 3160 984 3232 si
998 3176 1120 3234 tamen
1137 3157 1204 3232 illo
1222 3158 1324 3231 vivus

251 3274 442 3374 pervenire
465 3289 634 3374 potuero.
658 3273 777 3350 Credo
803 3274 903 3376 quod
930 3275 982 3349 illi
1010 3274 1124 3348 sancti
1147 3272 1324 3372 Martyres

282 3600 293 3670 (
300 3600 325 3670 ι)
343 3595 415 3653 Cod.
418 3594 591 3669 favendum.

285 3691 324 3761 (a)
342 3686 414 3746 cod.
431 3687 588 3743 Valentius.

284 3778 323 3852 (3)
341 3776 412 3834 eod.
428 3778 531 3833 sentire
543 3779 583 3831 in.

283 3870 323 3940 (4)
342 3867 418 3923 Edit.
431 3884 513 3921 mane
516 3904 569 3920 .....
580 3863 750 3937 navigando,
761 3873 955 3938 punctumque
965 3861 1151 3935 postvcrbum
1159 3862 1324 3937 navigando

248 3967 393 4032 ponentes,
407 3974 487 4012 voces
499 3965 645 4030 sequentes
655 3952 801 4009 omittunt.
813 3953 941 4023 Quarum
952 3953 1042 4026 prima
1052 3970 1111 4024 per,
1123 3962 1153 4007 et
1161 3936 1262 4008 ultima
1277 3971 1321 4025 eg.

249 4052 268 4104 i.
280 4049 309 4103 d.
324 4068 409 4122 aeger,
424 4048 490 4103 satis
499 4046 630 4101 distincte
637 4044 781 4119 leguntur,
795 4041 844 4097 sed
856 4061 907 4098 vox
919 4041 1093 4109 intermedia,
1108 4051 1232 4114 quatuor
1246 4040 1323 4098 litte-

250 4137 288 4191 ris
300 4139 412 4192 circitcr
425 4147 568 4203 constans,
585 4133 729 4190 oculorum
743 4133 829 4188 aciem
843 4131 954 4204 penitus
966 4129 1072 4202 cllngit.

283 4226 322 4297 (5)
341 4226 409 4282 Cod.
424 4238 537 4298 patrum
550 4236 685 4282 nostrum.
