3090 5302
543 397 988 475 norrnnsn’nornnnno.
1268 415 1309 476 on

624 630 692 695 LII.
716 631 769 693 ΛΠ
789 622 920 695 ΜΕΜΕ.

282 795 322 862 Jo
339 790 449 862 desire
466 787 630 861 solliciter
647 804 747 859 votre
766 790 860 884 piete
880 813 923 860 en
943 790 1062 861 fureur
1079 789 1123 860 de
1142 810 1222 860 mon
1241 788 1309 861 nnri

233 911 372 993 intime,
389 909 454 996 N„
472 906 541 978 l’un
559 908 600 977 do
618 930 679 976 vos
697 905 832 991 fideles,
848 928 941 1003 pour
960 928 1027 1002 qne
1050 928 1135 978 vous
1153 903 1309 1004 deigniez

234 1024 444 1114 l’ooouoillir,
470 1040 505 1096 et
533 1026 634 1119 apres
662 1022 742 1120 qu’il
774 1046 848 1095 nere
874 1046 965 1095 venu
991 1045 1029 1096 se
1051 1027 1310 1098 recommander

232 1159 331 1215 entre
358 1170 419 1214 vos
441 1145 570 1228 moins,
600 1140 683 1213 faire
709 1140 855 1237 quelque
880 1139 982 1213 chose
1007 1165 1097 1237 pour
1118 1141 1165 1213 lui
1193 1166 1236 1214 en
1261 1143 1310 1214 loi

233 1261 418 1333 accendent
445 1259 512 1330 Ιίιη
542 1260 584 1330 de
612 1284 667 1330 ees
692 1255 862 1330 beneficos
886 1282 952 1355 que
977 1283 1063 1330 nouo
1091 1284 1213 1332 sarone
1237 1264 1309 1333 etne

234 1395 374 1451 vnennts
401 1393 436 1449 et
465 1376 674 1473 disponibles
699 1374 785 1448 dens
810 1390 910 1448 notre
935 1379 1120 1475 voisinnge.
1149 1378 1239 1450 C’est
1261 1402 1308 1450 un

233 1498 373 1567 homme
389 1492 435 1566 de
459 1495 576 1566 bonne
600 1494 795 1582 nnissnnce,
814 1493 924 1566 ‹l’une
936 1493 1066 1565 fidente
1084 1494 1256 1591 epronvee
1274 1510 1310 1568 et

234 1612 314 1684 bien
329 1611 472 1709 capable
487 1612 529 1681 de
543 1634 628 1681 vous
641 1613 750 1681 servir
768 1609 946 1682 utilement
961 1612 1044 1682 dans
1060 1626 1138 1683 tout
1154 1636 1193 1684 ee
1205 1611 1309 1708 qn’on

233 1728 366 1799 roudrn
381 1728 429 1798 lui
447 1726 626 1822 prescrire.
640 1730 748 1798 Votre
759 1725 847 1798 nieul
861 1741 898 1798 et
915 1739 1013 1800 votre
1029 1728 1111 1825 pere
1128 1742 1190 1800 ont
1208 1753 1252 1801 en
1265 1754 1308 1800 en

235 1846 282 1917 lui
294 1870 345 1919 nn
358 1847 529 1919 serviteur
540 1844 629 1917 aussi
646 1846 734 1918 antif
746 1869 812 1942 que
825 1847 974 1936 demae,
988 1861 1022 1918 et
1039 1845 1065 1918 il
1084 1862 1135 1919 est
1153 1861 1230 1919 tout
1242 1847 1311 1920 dio-

235 1963 318 2058 pose
335 1964 355 2033 ὲ
371 1986 408 2032 se
423 1974 579 2032 montren
601 1962 633 2032 le
652 1965 762 2034 meme
784 1964 804 2032 ὲ
825 1977 923 2033 notre
945 1962 1071 2060 egnrd,
1095 1963 1123 2034 si
1148 1965 1239 2036 Dieu
1260 1963 1311 2036 lui

235 2083 336 2176 prete
355 2082 410 2152 vie
431 2093 467 2151 et
488 2082 595 2152 sante.
612 2082 731 2172 Quant
749 2082 769 2151 ὲ
784 2083 945 2178 present,
969 2080 992 2151 il
1014 2096 1065 2153 est
1086 2106 1214 2153 encore
1229 2081 1310 2153 bien

237 2196 358 2286 niblo,
371 2213 407 2268 et
420 2197 501 2270 o’ent
515 2197 546 2268 le
559 2222 599 2268 oe
612 2200 670 2294 qui
685 2197 871 2294 l'empeohe
883 2195 927 2269 de
941 2223 977 2270 se
992 2199 1171 2293 presentet
1184 2201 1311 2272 devant

237 2340 345 2402 vous3
366 2315 451 2420 meis
469 2314 492 2386 il
512 2314 635 2387 lesere
657 2315 690 2387 le
710 2312 789 2414 pluo
810 2317 866 2388 tot
889 2313 1049 2410 possible.
1066 2320 1105 2388 Je
1123 2318 1196 2413 prie
1221 2317 1311 2389 donc

237 2445 340 2504 notre
362 2432 455 2530 piene
479 2431 521 2503 de
543 2454 599 2502 me
622 2432 705 2503 faire
727 2434 841 2503 saveir
857 2457 895 2503 ee
914 2454 981 2528 que
996 2434 1032 2529 je
1053 2434 1130 2528 puis
1153 2432 1202 2506 lui
1222 2457 1312 2531 pro-

238 2566 361 2624 mettre
378 2547 424 2622 de
442 2549 474 2621 lo
492 2564 571 2649 port
585 2548 630 2622 de
646 2566 743 2623 rotro
761 2549 1028 2640 bienveillnnce,
1043 2550 1113 2622 nfin
1131 2548 1216 2651 qn’il
1232 2554 1310 2623 vive

240 2696 280 2741 on
303 2671 375 2741 bon
394 2671 506 2765 eepoir
525 2668 662 2767 junqu'e
683 2676 728 2741 oe'
745 2666 831 2765 qu’il
857 2670 923 2739 soit
945 2692 990 2740 en
1007 2671 1077 2739 etat
1101 2665 1145 2739 de
1162 2668 1309 2762 paraftre

241 2815 280 2859 en
299 2800 401 2858 votre
418 2791 594 2883 presence.

406 3020 518 3080 ⁴n111.
543 3025 567 3080 A
589 3020 722 3094 LOUIS,
745 3020 811 3082 Ro!
834 3021 887 3082 DE
908 3012 1081 3083 BAVIERE
1094 3026 1145 3100 (1).

288 3181 466 3276 J’invoque
484 3181 515 3251 le
531 3180 705 3253 eln'menoe
723 3179 771 3253 du
789 3180 1035 3278 tren-glorienx
1054 3184 1125 3266 roi,
1140 3205 1221 3250 mon
1240 3183 1312 3252 sei-

277 3475 314 3548 (1)
334 3475 386 3530 Les
398 3474 493 3530 motifo
502 3475 623 3530 suivans
637 3493 707 3531 nono
719 3485 770 3530 ont
783 3475 940 3531 determine
952 3479 968 3531 ὲ
980 3477 1071 3532 croire
1082 3492 1137 3552 que
1148 3485 1221 3531 oetne
1230 3475 1313 3532 lettre

243 3574 282 3618 est
293 3562 419 3618 adresoee
431 3565 446 3616 ὲ
458 3563 558 3630 Louis‚
575 3563 617 3618 roi
630 3562 666 3619 de
683 3563 809 3632 Baviere,
826 3574 855 3619 et
866 3563 967 3638 qn'elle
985 3572 1027 3620 ent
1042 3562 1079 3620 de
1094 3561 1156 3621 853.
1173 3565 1223 3619 Leo
1240 3574 1312 3618 moto

243 3653 374 3710 ᾰὶνιζςιῗοιιε
386 3657 469 3728 regni
477 3657 551 3710 inter
562 3673 616 3710 vos
616 3654 717 3728 saeta,
731 3670 802 3710 nour
814 3654 951 3710 semblent
962 3673 997 3710 en
1013 3654 1207 3729 effetpronver
1213 3652 1314 3728 qn’elle

243 3748 313 3802 aete
324 3746 410 3802 eon-ite
422 3764 457 3800 en
470 3743 537 3814 833,
552 3762 607 3819 pen
619 3744 656 3802 de
675 3755 766 3820 tempo
779 3743 897 3820 opreoln
913 3744 1069 3802 revolution
1082 3745 1132 3820 qni
1144 3742 1315 3817 n’aoeomplit

243 3835 309 3891 dono
319 3835 345 3891 le
356 3836 458 3909 ohomp
470 3834 508 3890 dn
522 3837 687 3910 Moneonge,
702 3833 815 3911 loroque
826 3835 866 3891 leo
877 3837 945 3892 troie
959 3836 1001 3892 file
1012 3835 1047 3890 de
1061 3830 1313 3891 Loniele-Debon-

244 3925 332 3994 noire,
348 3925 494 3994 Lethaire,
510 3926 592 3981 Louis
611 3936 639 3981 et
659 3926 763 3998 Pepin,
779 3936 860 3999 ayant
877 3924 978 3999 depone
997 3924 1058 3980 lenr
1069 3925 1151 3998 pere,
1172 3923 1255 3977 firent
1272 3940 1313 3977 un

245 4033 367 4071 nouvean
384 4026 497 4089 partage
516 4015 551 4070 de
564 4014 700 4089 l’empire.
719 4016 783 4071 Iam
796 4018 899 4090 populo
918 4018 1086 4090 juramentis
1103 4015 1248 4083 obstricto,
1271 4013 1315 4069 dit

246 4104 362 4160 l’nuteun
375 4124 511 4178 anonyme
524 4105 560 4161 de
572 4105 598 4160 la
616 4106 659 4161 vie
673 4103 708 4160 de
726 4105 1059 4173 Louis-le-Debonnnire‚
1080 4107 1225 4177 imperium
1243 4108 1317 4159 inter

248 4214 274 4249 se
278 4197 392 4268 fratres
410 4207 490 4252 terna
507 4201 627 4253 sectione
643 4199 814 4269 partiuntur.
825 4228 861 4239 -
872 4199 922 4251 Les
935 4206 1007 4250 moto
1019 4194 1060 4250 ad
1069 4199 1250 4268 proesentcom
1266 4194 1317 4250 do·
