3166 5280
250 380 290 437 so
571 378 763 440 ntnnsnnt
786 374 992 439 nustotn.
1070 353 1076 360 ’

250 514 358 586 tram,
374 511 507 571 nostrae
522 496 777 575 imbecillitatis
789 522 1002 589 memorem,
1014 498 1053 571 in
1064 495 1214 573 Christo
1224 522 1317 574 aem-

251 642 315 715 per
332 615 425 690 bene
439 616 569 692 valere.

497 852 604 913 XLIV.
626 853 677 912 ΑΙ)
699 852 736 912 Ε.
760 850 923 912 sulculi
943 850 1064 912 SUUM.

297 1016 456 1090 Domino
469 1030 594 1088 sancto
617 1041 657 1086 ac
678 1015 811 1088 merito
824 1010 1021 1086 venerabili
1036 1014 1097 1102 E„
1112 1010 1316 1087 Eiubanlus

249 1130 401 1205 salutem
424 1129 717 1230 sempiternam(
742 1129 774 1227 ).
791 1168 841 1186 -
863 1127 1035 1222 Quamvis
1051 1126 1225 1228 perplura
1246 1127 1318 1201 sint

249 1249 293 1324 de
310 1248 443 1350 quibus
453 1246 710 1348 cognoscendis
722 1244 813 1319 mihi
833 1271 918 1318 cura
931 1271 1006 1319 esse
1021 1261 1161 1347 potest,
1182 1243 1258 1323 duo
1271 1260 1319 1319 ta·

249 1393 333 1442 men
361 1381 447 1440 sunt
469 1385 629 1467 quorum
655 1389 713 1438 me
738 1372 777 1437 in
804 1362 975 1464 praesenti
1000 1362 1318 1463 major‘ouriotitas

250 1494 364 1553 tenet.
379 1476 523 1563 Unum,
542 1474 606 1548 ubi
623 1490 661 1551 et
675 1473 822 1577 quando
837 1472 1013 1575 generalis
1035 1473 1097 1550 ille
1115 1488 1319 1549 conventus

248 1595 434 1671 habendus
456 1597 522 1683 sit3
552 1593 726 1681 alterum,
750 1593 777 1665 si
796 1591 953 1667 domnus
974 1591 1160 1668 illotarius
1183 1592 1225 1666 in
1245 1592 1320 1665 lta-

248 1715 334 1789 liam
344 1712 399 1814 (a)
411 1713 565 1802 reverti,
580 1726 642 1785 aut
659 1736 743 1785 oum
758 1725 860 1810 palte
878 1734 1025 1783 manere
1036 1705 1255 1786 debeattne
1265 1706 1319 1784 bis

248 1831 391 1909 duobus
404 1845 545 1905 certum
553 1856 612 1904 me
630 1828 749 1904 facere
765 1829 894 1902 caritas
905 1842 1024 1903 vestra
1037 1854 1116 1904 uon
1132 1838 1317 1931 gmtetur.

250 1947 343 2021 Nam
351 1946 485 2022 horum
492 1945 639 2035 notitia,
650 1943 848 2046 plusquam
859 1957 1073 2018 caeterarum
1085 1966 1320 2045 rerumquae

249 2063 346 2163 apud
373 2087 437 2136 vos
461 2075 631 2163 aguntur,
650 2061 812 2162 indige03
834 2060 1009 2163 quoniam
1022 2087 1080 2137 ‘ex
1103 2058 1161 2134 bis
1184 2059 1321 2161 pendet

250 2180 339 2283 quid
360 2204 428 2281 ego
443 2180 561 2256 lacere
576 2177 746 2268 debeam,
766 2179 796 2252 si
819 2179 941 2253 divina
962 2176 1073 2278 pietas
1090 2175 1181 2252 mihi
1200 2175 1321 2253 favere

250 2298 460 2400 dignabitur
483 2315 526 2372 ut
548 2296 686 2399 aliquid
710 2296 877 2370 utilitatis
898 2295 1018 2369 fauere
1042 2294 1194 2369 valeam.
1223 2292 1321 2395 Opto

249 2431 292 2488 ut
304 2431 353 2505 te,
369 2415 571 2489 amicornm
582 2438 749 2488 meorum
760 2413 1016 2501 amantissime,
1030 2411 1125 2489 bene
1138 2410 1320 2488 valentem

253 2533 328 2607 cito
341 2532 464 2607 videre
475 2557 616 2608 merear
629 2531 698 2630 (3).

562 2882 655 2943 XLV.
679 2883 730 2943 ΑΙ)
753 2882 790 2946 G.
815 2879 1010 2942 coutTEu.

299 3043 541 3118 Dilectissimo
557 3043 683 3133 fratri,
701 3040 749 3114 G.
772 3041 932 3141 glorioso
949 3041 1075 3115 comiti
1092 3056 1201 3143 atque
1217 3041 1321 3142 opti-

251 3162 353 3252 mati,
370 3158 576 3233 Einhanlus
591 3159 847 3259 sempiternam
865 3159 904 3231 in
916 3158 1076 3234 Domino
1091 3157 1257 3234 salutem.
1269 3200 1320 3216 -

250 3279 399 3378 Semper
411 3275 622 3351 benevolam
635 3302 718 3378 erga
728 3302 787 3350 me
800 3275 891 3350 sensi
905 3274 1136 3350 dilectionem
1147 3292 1317 3366 vestram,

250 3394 310 3471 sed
322 3421 510 3495 nunquam
519 3393 601 3494 plus
613 3420 723 3494 quam
734 3392 860 3486 modo,
871 3393 1018 3494 quando
1031 3392 1121 3468 mihi
1133 3392 1320 3469 licentiam

251 3512 466 3611 impetrastis
482 3508 652 3611 pergendi
668 3509 712 3583 ad
729 3510 916 3584 servitium
935 3524 1145 3584 sanctonum
1161 3508 1320 3585 Marcel-

250 3631 365 3704 liniet
383 3630 499 3717 Petri,
512 3629 575 3729 qui
593 3626 642 3703 ob
660 3626 730 3703 boc
746 3627 884 3700 sactum
901 3628 997 3727 apud
1011 3630 1128 3703 Deum
1143 3628 1319 3705 interces-

284 3895 325 3965 (ι)
341 3892 395 3948 llle
406 3889 466 3946 ood.
477 3887 563 3945 habet
569 3890 606 3944 Ε.
618 3889 657 3943 Il.
669 3909 692 3941 s.
705 3908 730 3942 s.
739 3887 816 3961 quod
826 3887 918 3943 adbuc
926 3888 1082 3962 significate
1090 3898 1182 3962 potest
1189 3888 1318 3945 nutar-

251 3984 305 4039 dus
317 4002 368 4038 suo
379 3982 507 4037 sulutem.

285 4074 325 4141 (a)
342 4069 414 4127 Cod.
425 4068 473 4124 tlt
486 4072 515 4124 in
526 4067 620 4123 Italia.

284 4157 323 4227 (ὅ)
341 4158 410 4215 Cod.
425 4176 501 4214 meur
512 4157 616 4231 absque
628 4155 685 4211 ulla
698 4155 910 4211 abbteviationis
923 4166 997 4211 nota.
