3090 5302
371 416 413 477 60
694 414 888 478 Etltttattm
910 415 1116 479 EPISTOLAE.

370 561 443 638 que
460 549 627 610 nostrum
650 535 695 609 ad
717 551 813 609 certa
839 563 876 608 se
899 561 1121 636 praeparare,
1141 560 1272 638 quam,
1292 553 1449 639 propter

371 657 509 729 incerta
536 654 616 753 (ι),
659 653 758 755 quod
792 653 1031 728 necessarium
1063 669 1139 740 est,
1167 653 1267 727 velut
1296 653 1446 732 meliora

370 770 541 871 speranda
562 771 639 867 (o),
667 770 859 870 negligere.
880 770 978 870 Opto
996 787 1038 843 ut
1056 797 1198 870 semper
1219 770 1313 845 bene
1335 772 1448 848 valeas

369 888 409 960 in
427 887 598 961 Domino.

706 1121 840 1186 xxxn.
864 1124 916 1184 ΑΙ)
937 1122 1113 1188 AMICUM.

418 1291 612 1364 Carissimo
625 1313 707 1361 meo
722 1286 927 1360 Einhardus
939 1304 1122 1386 peccator,
1135 1292 1212 1387 jam
1231 1289 1269 1361 in
1283 1303 1449 1363 extremo

368 1409 533 1510 positus,
563 1421 645 1477 tuus
662 1405 718 1503 (ὃ)
737 1420 857 1478 tamnr
881 1418 1122 1505 tuorumque,
1147 1405 1265 1480 donec
1287 1422 1451 1506 superest

369 1524 499 1617 ssatus,
521 1526 597 1597 Deo
612 1537 725 1610 teste,
744 1520 874 1594 fidelis.
889 1563 939 1581 -
953 1520 1200 1613 Commendo,
1218 1520 1450 1599 dilectissime

370 1645 442 1739 mi,
463 1658 535 1716 tuae
553 1641 692 1715 caritati
711 1641 889 1729 animam,
912 1665 932 1713 e
953 1665 1107 1745 corpore
1130 1638 1279 1717 subdito
1295 1641 1451 1743 peccatis

369 1789 567 1865 egressam,
583 1774 625 1833 ut
633 1786 711 1835 eam
727 1760 764 1832 in
776 1774 842 1833 tuo
853 1773 1075 1860 tuorumque
1089 1756 1251 1837 fidelium
1263 1759 1451 1837 consortio

371 1878 526 1955 adscribi
549 1877 710 1980 digneris
737 1908 746 1949 :
771 1891 967 1977 quatenus,
996 1892 1202 1951 sanctarum
1218 1877 1350 1953 studiis
1371 1904 1449 1955 ora-

369 1999 537 2086 tionum,
564 1995 783 2096 piorumque
801 1993 971 2097 precibus
993 1992 1168 2085 fratrum,
1193 1993 1324 2073 misera
1346 1993 1452 2096 adjo-

371 2129 452 2189 rata
480 2113 619 2200 anima,
647 2110 771 2185 locum
797 2109 989 2212 quemdam
1008 2110 1063 2210 (Δ)
1087 2107 1267 2212 refrigerii
1291 2112 1453 2213 accipere

372 2245 555 2306 mereatur
565 2229 635 2328 (5).
650 2228 714 2299 His
727 2227 861 2329 itaque,
880 2242 1032 2331 propter
1049 2227 1199 2303 nimiam
1215 2254 1453 2332 magnamque

374 2347 574 2450 angustiam
589 2345 707 2420 carnis
719 2343 777 2418 vel
794 2343 961 2445 spiritus,
976 2341 1138 2420 breviter
1153 2342 1370 2447 prelibatis,
1388 2344 1455 2421 de·

375 2493 528 2572 precor,
546 2463 778 2537 dilectissime
800 2463 849 2534 mi
868 2462 945 2560 (6),
966 2479 1009 2534 ut
1027 2487 1225 2548 summam,
1246 2487 1317 2564 pro
1332 2489 1456 2539 amore

376 2583 442 2659 Dei
457 2608 497 2655 ac
508 2606 598 2654 meae
607 2577 756 2651 vilitatis
769 2577 926 2651 amicitia
936 2578 1007 2681 (7),
1016 2577 1260 2668 ecclesiarum,
1274 2604 1366 2655 meae
1378 2606 1457 2681 par·

377 2700 482 2773 vitati
500 2696 789 2782 commissarum,
809 2693 976 2770 adhibeas
988 2720 1111 2769 curam
1121 2750 1134 2787 ,
1156 2722 1203 2771 ne
1215 2711 1299 2798 post
1311 2694 1457 2772 obitum

379 2843 501 2892 meum
513 2814 589 2915 lupi
601 2813 722 2888 locum
734 2813 934 2886 sanctitatis
946 2811 1119 2886 invadant
1127 2838 1284 2915 rapaces,
1296 2841 1457 2916 gregem·

382 2961 454 3037 quc
472 2931 721 3007 humillimum
735 2930 944 3032 dispergant
960 2963 969 3004 ι
987 2929 1049 3004 sed
1066 2932 1187 3032 potius
1203 2932 1254 3006 eis
1271 2932 1353 3006 talis
1366 2958 1459 3008 con·

383 3051 533 3127 cedatur
547 3063 670 3124 rector
679 3103 691 3137 ,
714 3050 778 3150 qui
796 3055 915 3122 Deum
930 3076 1050 3123 amare
1066 3051 1213 3126 noverit
1232 3051 1288 3126 vel
1309 3053 1458 3143 timere,

385 3168 513 3256 ethis,
533 3167 596 3269 qui
610 3164 746 3239 subditi
766 3182 866 3256 sunt,
883 3167 1169 3244 misericorditer
1177 3170 1235 3271 (8)
1251 3169 1457 3247 subvenire.

384 3289 529 3362 Fratres
541 3310 627 3359 vero
637 3286 755 3359 nostri
771 3287 897 3388 tuique
914 3285 1111 3363 fidelissimi
1123 3316 1168 3365 ex
1179 3289 1457 3367 monasteriolt.

423 3588 463 3657 (ι)
479 3580 552 3640 cod.
567 3583 682 3637 nano.

423 3678 464 3751 (a)
482 3673 558 3732 mit.
572 3671 723 3745 spermdo.

426 3766 465 3843 (5)
484 3764 555 3824 Cod.
570 3773 643 3819 tuos.

425 3861 465 3932 (4)
482 3854 553 3912 Cod.
566 3873 604 3908 m.
618 3852 754 3926 adjuvate
767 3870 794 3906 a.
809 3853 829 3906 1.
844 3851 991 3924 quiddam.

425 3947 465 4020 (5)
482 3945 527 4003 Cf.
541 3959 637 4018 preces
650 3941 738 3996 missa
751 3941 780 3996 iu
793 3942 957 3997 memoriam
969 3952 1156 3998 mortuorum.

426 4038 464 4110 (6)
481 4034 554 4094 eod.
567 4033 747 4090 delectissime
761 4034 843 4087 erun.

425 4132 465 4204 (7)
482 4126 552 4184 Cod.
568 4145 602 4182 ac
611 4144 675 4180 men
687 4143 716 4180 v.
732 4126 887 4179 amitinum.

427 4220 469 4294 (8)
488 4217 557 4275 cod.
573 4215 756 4272 mediocriter.
