3166 5280
258 380 318 441 372
479 376 661 439 HISTORIA
681 378 996 453 rnsnstsrloms,
1017 398 1081 441 nro.

259 498 429 594 quoniam
443 494 545 567 aliter
562 494 750 568 commode
768 496 993 595 nequiverat,
1008 496 1045 567 in
1063 520 1155 567 nare
1170 520 1305 569 merca-

259 629 399 697 torum,
418 613 478 711 qui
495 613 557 684 illo
570 613 613 683 ad
631 609 858 684 festivitatem
874 611 1083 685 corumdem
1095 613 1307 687 Sanctorum

258 728 375 815 ibant,
395 730 537 801 advecta
555 743 629 801 est:
649 729 817 828 venitque
835 727 921 799 illuc
933 728 976 799 ad
985 726 1081 799 diem
1091 726 1304 815 natalitium,

255 859 360 944 atque
378 842 428 914 ibi
448 871 509 943 spe
527 842 778 941 recuperandae
797 842 919 914 salutis
939 840 1148 941 aliquandiu
1172 856 1305 917 morata

254 974 319 1031 est.
340 957 408 1031 Sed
430 958 491 1030 ubi
512 959 598 1029 vidit
616 958 838 1031 curationem
860 984 960 1030 suam
975 984 1048 1031 esse
1062 957 1306 1031 dilatam-et

253 1102 373 1149 rerem
386 1074 492 1147 dilata
504 1089 593 1161 erat,
606 1099 681 1148 non
695 1091 820 1173 negata
829 1103 840 1163 ς
854 1076 935 1175 quia
956 1100 1030 1150 non
1048 1071 1150 1163 alibi,
1167 1074 1230 1149 sed
1241 1073 1302 1161 ibi,

251 1218 368 1292 neque
383 1207 483 1282 tnnc,
497 1189 556 1264 sed
567 1190 638 1265 alio
652 1208 812 1289 tempore
825 1190 903 1262 fieri
916 1189 1220 1263 debuit-statuit
1233 1192 1304 1265 Mo·

251 1309 458 1407 guntiacum
475 1306 666 1406 proficisci.
683 1307 770 1377 Erat
789 1306 935 1378 enimin
953 1306 1121 1403 proximo
1135 1305 1302 1379 festivitas

251 1424 362 1495 sancti
380 1420 509 1495 Albani
528 1422 711 1519 martyris,
733 1423 832 1519 cujus
845 1419 939 1520 apud
951 1421 1113 1494 eamdem
1130 1420 1302 1497 urbemet

251 1535 393 1609 basilica
407 1552 440 1609 ct
451 1533 654 1634 percelebre
665 1534 920 1608 monasterium
934 1551 1000 1609 est.
1008 1534 1091 1628 Quo
1100 1560 1187 1609 cum
1195 1538 1302 1611 renis·

249 1667 324 1739 set,
345 1667 382 1724 et
394 1649 487 1749 apud
501 1651 709 1723 memoriam
723 1650 889 1748 Martyris
899 1650 977 1748 (a),
992 1676 1060 1751 pro
1075 1652 1301 1729 restitutione

249 1768 371 1840 salutis
391 1794 484 1855 suae,
503 1767 660 1840 Domino
680 1765 927 1865 supplicasset,
946 1766 1036 1863 vidit
1049 1793 1116 1867 per
1138 1792 1301 1867 soporem

249 1884 437 1983 quemdam
450 1886 617 1982 juvenem
631 1881 801 1955 clericum
811 1880 880 1953 sibi
891 1881 1126 1972 assistentem,
1140 1910 1184 1957 ac
1197 1909 1301 1961 noros

249 1999 383 2072 calceos
399 2024 509 2070 manu
529 1996 705 2071 ferentem
714 2050 727 2087 ,
747 2013 854 2096 atque
870 2012 912 2069 ut
925 2022 986 2070 eos
1001 1998 1186 2098 acciperet
1210 2000 1303 2101 pedi-

250 2113 387 2214 busque
410 2113 574 2186 indueret
595 2114 854 2210 imperantem:
876 2139 914 2187 se
936 2140 1083 2215 qnoque
1100 2116 1153 2189 ita
1172 2115 1300 2193 secisse.

251 2231 358 2303 illum
382 2228 510 2304 deinde
534 2230 758 2328 praecepisse,
782 2228 899 2301 uthis
920 2230 1070 2305 calceata
1094 2232 1142 2305 ad
1168 2232 1300 2322 locum,

164 2366 167 2371 ·
251 2346 346 2419 unde
363 2345 425 2419 ἰΙΙο
437 2360 600 2432 venerat,
614 2360 868 2435 reverteretur,
889 2345 1011 2449 ibique
1025 2347 1225 2423 adrentum
1235 2376 1304 2425 me·

252 2460 323 2533 dici
344 2458 626 2559 praestolaretur,
644 2460 706 2560 qui
723 2486 801 2533 eam
817 2477 906 2534 esset
927 2461 1057 2560 procul
1075 2461 1194 2538 dubio
1208 2492 1304 2539 snus-

255 2591 369 2648 turus.
385 2575 475 2667 Qnae
491 2574 554 2647 ubi
569 2574 746 2675 evigilavit
755 2630 767 2663 ,
783 2576 911 2648 visioni
930 2575 1037 2651 fidem
1053 2580 1302 2671 accomodans,

254 2707 387 2791 quanta
404 2691 524 2789 potuit
536 2689 715 2764 celeritate
729 2690 772 2762 ad
786 2708 992 2767 sanctorum
1003 2694 1208 2793 Martyrum
1216 2696 1305 2769 stin·

255 2808 357 2880 tiscra
372 2806 495 2878 limina
514 2832 652 2880 reversa
663 2822 715 2879 est
720 2835 732 2896 3
745 2832 785 2879 ac
794 2834 859 2905 per
876 2806 966 2881 dnos
978 2834 1118 2883 menses
1135 2812 1174 2886 in
1188 2810 1304 2887 eodem

258 2925 339 2997 loco
356 2924 451 2994 iuter
467 2922 553 2994 alios
570 2948 740 3020 pauperes
761 2939 986 3013 conversata,
1010 2924 1304 3024 pollicitationem

258 3039 404 3112 visionis
414 3036 781 3136 opperiebatur.Cum
790 3039 949 3128 interim,
957 3040 1052 3113 circa
1063 3042 1228 3117 medinm
1240 3044 1305 3119 sem

259 3178 416 3226 mensem
425 3166 628 3249 augustum,
639 3150 826 3225 Deusdona
835 3152 1018 3243 diaconus,
1031 3158 1135 3255 cujum
1146 3158 1186 3231 in
1197 3160 1305 3259 primo

294 3410 335 3478 (a)
345 3404 434 3475 Apud
446 3406 602 3457 memoriam
615 3402 697 3459 idest
714 3406 788 3477 apud
800 3406 992 3462 tumulumve!
1004 3406 1149 3483 reliquias.
1166 3412 1231 3469 Hoc
1240 3414 1306 3469 enin

260 3512 340 3551 sensu
354 3510 404 3547 vox
420 3494 550 3545 memoria
566 3491 641 3563 apud
652 3492 700 3547 SS.
719 3494 813 3548 Patrcs
831 3503 860 3549 et
878 3494 1025 3568 scriptores
1042 3496 1133 3553 medii
1150 3498 1202 3555 ari
1221 3500 1307 3575 qiu

260 3580 491 3656 usurpatus-S.
502 3578 633 3648 Albanus,
648 3582 752 3655 Magne
760 3582 906 3637 Britannia
917 3586 1177 3659 protomartyr,die
1187 3590 1307 3665 siguin

258 3676 347 3747 prima
367 3670 442 3725 Junii
468 3670 615 3741 blognntie
631 3669 741 3725 colitur.
761 3672 823 3743 Ipso
840 3671 901 3727 loco
919 3672 965 3727 ubi
984 3672 1020 3727 ab
1033 3674 1147 3731 Arianis
1161 3678 1306 3735 nuent·

259 3764 357 3829 fuerat,
372 3758 499 3813 sardium
512 3756 650 3830 quoddam
660 3760 704 3831 pia
716 3776 794 3813 mens
805 3758 929 3815 fidelium
936 3760 1082 3817 edificavit.
1090 3764 1126 3819 ln
1134 3766 1306 3839 enjnslocn

258 3850 454 3906 nobilissimam
468 3857 496 3901 et
506 3846 661 3919 amplissam
673 3846 814 3903 ecclesiam
825 3850 922 3919 erexit,
936 3868 1009 3906 anno
1021 3850 1132 3909 Christi
1144 3854 1210 3927 sos,
1224 3854 1306 3913 nint

256 3942 313 4007 sus,
332 3938 550 4009 moguntinensis
567 3937 798 4010 archiepiscopus,
818 3949 847 3993 et
859 3940 939 4007 hnic,
961 3938 1068 3997 favente
1084 3942 1192 4001 Kamto
1204 3964 1303 4021 magno.

257 4028 451 4083 nronmterinm
463 4025 569 4081 ordinis
582 4026 609 4081 S.
625 4025 763 4081 Benedicti
776 4027 909 4098 adjunxit.
924 4028 965 4085 De
977 4046 1034 4103 qno
1046 4018 1151 4089 videnti
1160 4054 1225 4091 nor.
1238 4034 1299 4091 Get!

260 4120 371 4179 t'lnisr..
387 4119 422 4171 V.
439 4114 498 4190 573.
