3166 5280
636 515 920 605 HISTORIA

293 738 593 800 TRANSLATIONIS
616 739 832 802 BEATORUM
855 741 1012 803 CHRISTI
1034 741 1262 805 nauantem

378 935 779 1042 MARCELLINI
810 938 891 1038 ET
918 939 1128 1045 PETRI.
1147 928 1187 999 n>

740 1204 826 1221 ..-.,

664 1384 898 1455 PRObOGUS.

298 1559 333 1625 l.
356 1551 457 1624 Veris
470 1552 545 1623 veri
561 1550 624 1621 Dei
641 1546 861 1635 cultoribus,
877 1565 914 1621 et
924 1550 1007 1623 Jesu
1018 1548 1152 1623 Christi
1166 1552 1309 1625 Domini

249 1670 363 1745 nostri
380 1670 667 1766 Sanctorumque
680 1674 754 1765 ejus
770 1693 847 1740 raon
865 1666 958 1739 lictis
970 1666 1212 1759 amatoribus,
1231 1671 1312 1743 Ein-

250 1788 379 1861 hardus
393 1802 572 1886 peccator.
589 1785 718 1877 -Qui
737 1785 827 1855 ritas
839 1801 874 1856 et
890 1784 980 1856 sacta
992 1790 1192 1885 justorum,
1208 1814 1248 1860 ac
1261 1814 1312 1861 se-

250 1905 410 1977 cundum
443 1903 563 1975 divina
591 1903 755 1974 mandata
782 1902 1074 1976 conversantium
1103 1902 1311 1993 hominum,

250 2024 379 2095 litteris
396 2049 435 2093 ae
452 2022 636 2092 memoriae
652 2019 925 2106 mandaverunt,
939 2046 1016 2092 non
1032 2020 1129 2093 aliud
1145 2022 1237 2093 mihi
1250 2022 1313 2095 effi·

250 2166 330 2212 cere
344 2140 495 2212 voluisse
513 2137 682 2209 ridentur
692 2190 702 2222 ,
725 2138 793 2208 nisi
813 2152 854 2207 ut
869 2136 913 2208 acl
929 2138 1171 2211 emendandos
1189 2166 1314 2237 pravos

249 2277 387 2335 mores,
403 2265 439 2322 et
455 2247 724 2321 collaudandam
738 2248 800 2321 Dei
816 2249 1140 2347 omnipotentiam,
1153 2278 1220 2349 per
1227 2256 1315 2351 ejus·

249 2367 348 2440 modi
376 2366 555 2464 exempla,
593 2391 908 2465 quorumcumque
936 2366 1074 2438 animos
1107 2368 1312 2441 incitarent.

250 2488 499 2585 Feceruntque
528 2483 615 2571 hoc,
637 2509 710 2555 non
737 2483 853 2555 solum
878 2483 959 2583 quia
982 2484 1097 2558 livore
1121 2484 1313 2575 carebant,

250 2601 309 2675 sed
325 2603 408 2703 quia
426 2602 585 2688 caritate,
604 2627 686 2699 quae
705 2598 874 2672 omnibus
889 2601 991 2698 cupit
1003 2627 1075 2672 esse
1091 2602 1312 2692 consultum,

249 2718 433 2820 granditer
448 2717 694 2791 abundabant.
703 2720 871 2814 Quorum
883 2716 1056 2792 laudabile
1072 2722 1313 2819 propositum,

249 2841 333 2940 quia
360 2855 432 2910 tam
464 2839 500 2910 in
530 2838 724 2937 propatulo
743 2853 795 2909 est
815 2852 872 2922 ut,
898 2851 1031 2937 praeter
1048 2863 1088 2909 ea
1112 2864 1196 2938 quae
1219 2840 1313 2928 dixi,

249 2955 341 3027 nihil
356 2953 453 3026 aliud
467 2980 528 3028 eos
543 2954 665 3025 moliri
684 2953 837 3026 voluisse
855 2953 1071 3027 lucidissime
1083 2952 1236 3045 clareat,
1252 2982 1316 3029 cur

249 3070 409 3141 amultis
428 3071 560 3140 imitari
586 3096 659 3142 non
683 3068 829 3155 debeat,
855 3072 1006 3145 omnino
1029 3096 1104 3143 non
1130 3070 1246 3145 rideo.
1264 3072 1315 3144 Ac

250 3183 404 3283 proinde
423 3185 506 3284 quia
523 3184 613 3255 mihi
634 3185 797 3257 conscius
814 3212 892 3256 sum
902 3240 912 3273 ,
928 3186 1028 3286 quod
1044 3182 1149 3275 libri,
1164 3212 1257 3286 quos
1272 3186 1315 3261 de

251 3302 486 3375 translatione
514 3329 710 3401 corporum
741 3300 926 3376 beatorum
952 3304 1086 3376 Christi
1112 3320 1316 3405 martyrum

250 3417 450 3491 Marcellini
468 3435 505 3491 et
521 3420 636 3509 Petri,
653 3420 833 3519 signisque
855 3447 895 3491 ac
910 3418 1128 3508 virtutibus,
1149 3446 1233 3521 quae
1251 3446 1315 3519 per

249 3561 308 3607 eos
328 3535 502 3607 Dominus
515 3534 558 3605 ad
578 3534 726 3607 salutem
745 3535 969 3607 credentium
994 3535 1072 3608 fieri
1089 3535 1227 3625 voluit,
1244 3560 1315 3637 qua

249 3654 352 3751 potui
367 3650 535 3725 facultate
550 3654 766 3751 conscripsi,
779 3653 898 3726 eadem
914 3669 999 3725 sunt
1010 3653 1196 3727 voluntate
1209 3668 1314 3755 atquc

425 3836 610 3843 ----ιι-.
627 3836 706 3843 -.--.-.
720 3837 724 3841 ·
736 3836 859 3844 ------i
872 3838 910 3844 —.
929 3838 1028 3845 -..-—-.
1044 3834 1309 3845 ———-———-—·

284 3926 320 3994 (l)
340 3926 431 3997 Hujus
445 3925 633 3980 translationis
646 3925 791 3979 historiam
805 3943 837 3980 ex
851 3924 1036 3989 bollandistis,
1052 3926 1127 3980 Acta
1137 3936 1313 3993 sauctorum,

250 4024 316 4067 tom.
333 4016 345 4068 l
357 4015 431 4086 junii
452 4016 503 4070 col.
524 4016 568 4069 181
592 4026 620 4069 et
638 4034 695 4089 seq.
714 4014 887 4081 recudimus3
908 4016 942 4070 de
958 4016 1082 4087 ejusdem
1100 4014 1271 4071 editionibus
1286 4024 1315 4071 et

248 4102 389 4157 cmlieihns
404 4105 503 4161 videsis
515 4107 710 4179 prolegomena
724 4115 825 4161 nostra.
