3166 5280
251 459 308 517 108
571 458 764 518 Elttfllltltl
788 456 995 518 EPISTOLAE.

519 672 596 733 uxr.
620 675 670 734 uu
693 671 980 733 rurnulrounu
997 678 1050 751 (t).

297 831 405 909 Novo
427 848 463 908 et
484 835 635 909 insolito
652 836 811 910 siderum
827 852 913 911 ortu
927 834 1083 909 infausta
1100 835 1319 937 quaedamst

249 952 449 1051 tristia(a),
463 954 708 1055 potiusquam
728 953 877 1053 laeta(3)
899 954 953 1026 vel
969 979 1162 1055 prospera,
1183 956 1319 1029 miseris

249 1086 401 1146 ventura
415 1070 608 1173 significari
620 1068 854 1160 mortalibus,
870 1098 963 1171 pene
974 1069 1146 1145 omnibus
1154 1086 1320 1157 veterum

251 1187 443 1260 aestimavit
469 1188 677 1262 auctoritas.
712 1187 794 1261 Sola
822 1188 912 1260 sacri
938 1187 1111 1289 evangelii
1141 1188 1320 1289 scriptura

249 1304 440 1379 salutarem
469 1330 574 1379 novae
596 1305 710 1379 stellae
732 1306 996 1405 apparitionem
1019 1304 1129 1379 fuisse
1152 1320 1318 1397 testatur,

250 1446 360 1520 quam
393 1419 644 1496 Chaldaeorum
677 1420 806 1495 vidisse
838 1421 1041 1521 sapientes,
1071 1436 1109 1495 et
1135 1436 1319 1496 recentem

250 1539 378 1611 aeterni
394 1539 486 1639 regis
509 1555 633 1613 ortum
646 1538 690 1612 de
712 1537 808 1611 illius
825 1537 1023 1613 clarissimo
1040 1536 1183 1639 fulgore
1199 1538 1320 1637 conji-

250 1654 385 1729 cientes
411 1656 482 1755 (4),
511 1682 681 1745 munera,
711 1672 823 1729 tantae
845 1657 1020 1756 majestati
1044 1656 1317 1743 convenientia,

249 1767 504 1846 venerabiliter
522 1768 698 1846 obtulisse
710 1771 765 1871 (5)
779 1788 989 1846 narrantur.
1009 1772 1078 1846 Sed
1092 1773 1170 1871 ejus
1186 1770 1317 1858 stelloe,

250 1915 333 1989 quae
352 1915 468 1989 nuper
484 1892 652 1990 apparuit
675 1890 821 1965 horrida
844 1907 880 1964 et
900 1916 1029 1990 parum
1051 1889 1132 1964 laeta
1149 1889 1260 1964 facies
1276 1886 1319 1961 ab

251 2003 443 2089 omnibus,
470 2008 534 2107 qui
553 2034 630 2081 eam
655 2006 837 2081 sevidisse
864 2007 981 2081 testati
999 2021 1105 2095 sunt,
1131 2005 1264 2094 fuisse,
1282 2031 1320 2079 ac

251 2119 442 2194 minaciter
458 2120 622 2221 flagrasse
636 2125 843 2197 nunciatur.
864 2122 973 2216 Quae,
989 2138 1030 2197 ut
1047 2147 1147 2215 reor,
1162 2148 1320 2223 congrua

251 2238 391 2311 meritis
418 2241 552 2312 nostris
572 2242 743 2341 praesagia
768 2240 875 2329 fecit,
895 2257 932 2315 et
949 2238 1108 2332 cladem,
1125 2264 1198 2339 qim
1221 2237 1320 2339 digni

251 2379 392 2442 sumus,
408 2370 600 2429 venturam
613 2356 797 2430 indicavit.
812 2356 908 2453 Quid
921 2357 1020 2431 enim
1034 2356 1186 2431 interest
1198 2370 1321 2429 utrum

251 2468 399 2545 homine
422 2472 500 2573 (6),
533 2473 588 2546 vel
615 2474 742 2575 angelo
772 2475 850 2574 (7),
883 2474 939 2549 vel
970 2473 1070 2549 stella
1098 2472 1319 2560 nunciante,

251 2588 444 2662 imminens
463 2591 515 2664 ira
537 2592 661 2692 generi
687 2591 906 2691 praedicetur
928 2586 1112 2665 hnmano?
1135 2590 1214 2663 lloc
1238 2604 1321 2663 tan-

249 2722 331 2778 tum
344 2722 398 2781 est
413 2710 653 2782 necessarium
672 2727 713 2781 ut
731 2708 955 2810 intelligatur
971 2732 1232 2807 supervacuam
1248 2731 1322 2782 non

249 2822 358 2897 fuisse
384 2825 509 2898 sideris
536 2827 657 2925 [istius
682 2826 968 2929 apparitionem]
975 2879 985 2913 ,
1012 2823 1074 2899 sed
1095 2822 1322 2899 admonuisse

251 2940 422 3014 mortales
450 2958 511 3029 ut,
540 2943 779 3041 poenitendo,
804 2960 840 3018 et
865 2944 1012 3018 Domini
1039 2941 1323 3017 misericordiam

252 3057 445 3146 llectendo,
457 3058 626 3133 futurum
639 3077 781 3135 certent
790 3061 970 3136 declinare
981 3060 1199 3160 periculum.
1213 3060 1275 3135 Sic
1286 3062 1323 3133 in

251 3176 509 3275 praedicatione
525 3180 628 3252 Jonas
642 3235 652 3268 ,
680 3179 823 3254 Ninisae
847 3180 1034 3255 subversio
1051 3179 1228 3269 civitatis,
1242 3204 1323 3283 quas

287 3453 327 3522 (ι)
345 3451 437 3522 Hujus
449 3453 570 3525 epistole
581 3454 622 3509 nil
635 3455 689 3510 nisi
702 3455 907 3528 fragmentum,
922 3454 1059 3530 usquead
1072 3472 1152 3510 voces
1168 3458 1199 3511 in
1212 3454 1323 3511 domum

242 3541 345 3614 figuli,
361 3558 377 3594 e
391 3539 486 3595 codice
498 3540 577 3596 dedit
590 3542 743 3611 chesnius,
757 3542 850 3617 quod,
864 3562 897 3599 er
910 3545 986 3616 ipso,
1001 3542 1077 3597 idem
1088 3552 1118 3597 et
1131 3544 1240 3617 pariter
1248 3560 1323 3599 man·

250 3647 326 3695 curn,
340 3627 511 3684 recuderunt
519 3633 688 3686 recentiores
701 3632 832 3700 editores,
844 3631 1017 3687 Weiuclsens
1027 3642 1057 3688 et
1066 3630 1101 3687 D.
1113 3630 1259 3708 Bonqnet;
1271 3630 1323 3687 hoe

250 3717 325 3792 apud
337 3736 385 3773 eos
398 3717 450 3773 sub
465 3726 499 3771 n⁰
512 3736 555 3772 rvr
569 3730 695 3775 notatum
712 3722 844 3795 reperias.

286 3809 325 3879 (α)
343 3807 414 3863 cod.
430 3810 552 3862 insutu.

287 3896 327 3968 (3)
345 3897 415 3955 Cod.
431 3900 521 3953 liceta.

285 3987 326 4058 (l)
343 3986 414 4042 Cod.
429 3990 603 4043 condientes.

286 4073 325 4145 (5)
343 4075 413 4130 Cod.
429 4078 571 4148 optulisse.

287 4166 327 4235 (6)
345 4167 416 4219 Cod.
431 4168 576 4223 ltominem.

290 4258 326 4328 ¹7)
347 4257 393 4311 llu
407 4256 467 4311 due
478 4277 556 4313 rocus
570 4261 598 4313 iu
612 4257 697 4313 editis
711 4255 916 4311 desiderantur.
