3166 5280
250 403 290 464 ³4
576 400 770 462 ElNHARDl
794 400 997 463 EPISTOLAE.

250 517 413 621 partibus
430 517 621 608 babemus,
640 520 837 593 secundum
857 518 1125 594 ordinationem
1142 532 1179 590 ct
1191 517 1324 615 jussio·

251 665 335 712 nem
349 636 474 710 domni
491 637 733 737 imperatoris,
747 637 790 710 ad
803 636 1003 712 custodiam
1014 635 1234 709 maritimam
1246 633 1325 708 fue-

251 770 340 828 runt
354 781 430 829 non
445 754 565 828 solum
577 782 622 829 eo
634 770 819 855 tempore,
835 753 980 855 qnando
994 754 1056 827 ille
1067 755 1084 851 (
1093 754 1187 851 ι)...
1206 752 1325 827 oriam

250 869 434 970 profectus
449 885 523 959 est,
546 869 607 945 sed
624 871 733 946 etiam
748 870 894 971 quando
912 870 1124 944 Aurelianos
1145 868 1321 970 perrexit.

250 990 299 1062 Et
316 985 396 1061 ideo
414 1011 490 1060 non
506 987 650 1062 videtur
672 985 761 1059 mibi
774 990 914 1087 justum
931 1013 1005 1061 esse
1023 1002 1066 1060 ut
1077 985 1326 1061 heribannum

251 1105 388 1179 solvere
404 1101 576 1187 debeant,
591 1105 747 1205 quinon
763 1102 873 1178 aliubi
892 1103 1064 1191 luerunt,
1085 1103 1153 1176 nisi
1171 1099 1234 1174 ubi
1249 1103 1325 1201 ipse

252 1224 449 1322 imperator
464 1224 652 1322 praecepit.
673 1223 723 1295 Et
740 1222 819 1297 ideo
833 1248 963 1322 precor
975 1221 1207 1296 dilectionem
1223 1237 1325 1294 tuam

252 1356 294 1412 ut
305 1338 411 1414 nobis
422 1341 578 1439 spatium
593 1338 675 1413 inde
688 1339 813 1429 dones,
829 1341 945 1413 donec
958 1340 1114 1413 domnus
1128 1339 1326 1436 imperator

251 1459 414 1545 venerit,
440 1473 477 1530 et
493 1482 561 1530 nos
585 1456 687 1530 illum
708 1457 982 1531 admonebimus
1002 1456 1047 1530 de
1062 1457 1223 1556 jussione
1239 1481 1323 1543 sua,

252 1591 290 1649 et
305 1576 364 1650 ille
378 1592 467 1649 tunc
482 1576 695 1676 praeceperit
715 1575 872 1677 qualiter
891 1574 942 1648 illi
961 1574 1150 1675 placuerit.
1170 1572 1268 1673 Opto
1284 1585 1326 1643 ut

253 1719 393 1794 semper
409 1692 501 1768 bene
518 1693 662 1767 valeatis
679 1694 718 1765 in
736 1694 909 1768 Domino.

465 1925 583 1988 Xlllll.
606 1930 657 1988 AD
678 1927 967 1988 VICEDOMINUM
988 1928 1110 1989 SUUM.

304 2091 345 2162 ln
369 2086 504 2160 Christi
532 2086 702 2173 nomine,
733 2083 841 2157 abbas
866 2083 1071 2158 Einbmdus
1097 2082 1326 2156 vicedomino

254 2221 292 2282 et
315 2203 411 2278 fideli
435 2218 564 2279 nostro
586 2202 750 2276 salutem.
770 2202 972 2276 -Notum
990 2203 1038 2275 sit
1055 2203 1139 2302 quia
1158 2201 1327 2274 volumus

255 2338 297 2397 ut
317 2320 482 2394 homines
504 2320 644 2420 aliquos
668 2320 789 2392 mittas
811 2318 855 2391 ad
873 2320 1015 2420 Aquas,
1039 2320 1103 2419 qui
1121 2316 1327 2391 mansiones

256 2451 398 2513 nostras
413 2435 606 2511 emendent
617 2450 725 2536 atque
740 2451 962 2524 restaurent,
982 2450 1019 2508 et
1034 2460 1094 2522 ea,
1117 2459 1200 2533 quae
1218 2429 1326 2508 nobis

256 2552 308 2628 ibi
340 2552 534 2628 necessaria
564 2551 721 2625 suntad
751 2550 977 2641 babendum,
1008 2551 1044 2625 id
1073 2566 1127 2626 est
1147 2551 1324 2638 farinam,

256 2669 417 2758 bracem,
430 2669 570 2760 vinum,
587 2669 798 2758 formatem,
816 2686 853 2744 et
867 2685 1014 2758 caetera,
1031 2668 1229 2742 secundum
1241 2692 1329 2742 con-

257 2787 503 2881 suetudinem,
525 2806 689 2887 tempore
715 2804 927 2889 opportuno
951 2789 1037 2861 illuc
1063 2788 1186 2862 venire
1203 2786 1325 2859 facias.

247 2909 372 3020 ‘Boves
387 2933 488 2996 vero,
508 2907 571 3007 qui
591 2905 778 2982 occidendi
798 2924 905 2995 sunt,
924 2906 1088 2980 volumus
1104 2920 1146 2978 ut
1162 2905 1269 2978 facias
1282 2901 1329 2976 ad

258 3022 477 3095 Ludinacam
489 3023 635 3110 venire,
655 3037 691 3096 et
707 3021 757 3093 ibi
770 3021 934 3097 occidere
950 3053 958 3093 ι
975 3048 1089 3095 uuum
1101 3048 1146 3096 ex
1158 3020 1214 3094 bis
1230 3021 1329 3095 volu·

259 3164 339 3210 mus
357 3151 400 3207 ut
415 3136 489 3209 dari
508 3137 615 3209 iacias
631 3137 857 3238 llruotlouge
866 3192 877 3226 ,
893 3154 930 3210 et
943 3137 1002 3211 illa
1018 3137 1205 3210 minutalia
1218 3151 1328 3237 atque

258 3255 440 3327 interanea
458 3253 515 3351 (a)
524 3306 535 3342 ,
547 3280 629 3354 quae
643 3253 687 3328 ad
700 3271 868 3329 nostrum
888 3282 979 3355 opus
994 3257 1126 3331 servari
1143 3282 1220 3329 non
1237 3281 1328 3354 pos-

291 3511 331 3582 (ι)
349 3510 404 3565 lllc
412 3520 489 3565 vacat
501 3511 531 3565 in
540 3510 635 3568 codice
645 3515 765 3588 spatium
775 3527 880 3590 septem
891 3516 1003 3572 circiter
1012 3516 1168 3574 litterarum
1177 3536 1238 3592 que
1246 3520 1328 3593 peni·

257 3610 302 3655 tus
315 3618 397 3656 erasae
409 3611 484 3656 sunt.
498 3599 624 3674 Alicujus
641 3605 759 3660 civitatis
775 3605 818 3661 vel
835 3608 957 3681 regionis
976 3626 1093 3677 nomen,
1114 3609 1144 3662 in
1157 3608 1208 3663 has
1220 3607 1328 3665 litteras

255 3694 344 3746 oriam
356 3688 497 3758 desinens,
515 3690 618 3747 frustra
631 3695 815 3768 quesivimus.
831 3696 903 3751 Cum
916 3706 1009 3752 autern
1024 3697 1082 3752 haec
1095 3696 1212 3772 epistola
1224 3699 1328 3772 scripta

254 3780 335 3835 nobis
352 3778 489 3849 videatur,
513 3799 587 3836 anno
604 3781 674 3852 832,
694 3794 820 3858 tempore
836 3805 893 3860 quo
907 3787 1075 3857 ludovicus,
1098 3787 1276 3862 expeditione
1297 3791 1327 3844 iu

255 3868 343 3925 filium
357 3888 439 3926 suurn
452 3870 582 3943 Bajoariae
592 3890 688 3947 regem
701 3876 835 3942 conlecta,
849 3877 1025 3947 Aurelianos,
1039 3889 1207 3934 conventum
1219 3878 1326 3936 ibidem

255 3956 410 4027 habiturus,
423 3960 554 4032 perrexit,
569 3979 672 4034 ponere
681 3962 721 4018 las
734 3974 776 4019 cst
784 3966 962 4039 exscriptoris
974 3966 1104 4023 mendam
1113 3967 1161 4022 hle
1170 3968 1326 4042 irrepsisse,

255 4046 334 4100 etsie
347 4047 438 4103 locum
452 4067 510 4104 esse
524 4051 728 4106 restituendum
740 4073 766 4125 q.
782 4057 798 4106 i.
815 4058 842 4108 in
858 4055 1019 4129 Baioariam
1031 4077 1060 4127 p.

290 4134 329 4204 (2)
346 4135 417 4191 Cod.
431 4141 560 4192 iterante.
