3090 5302
241 453 301 511 260
470 447 651 508 HISTORIA
676 448 1077 523 t·1tattsmt·101tts‚src.

242 572 374 644 t'eratus
386 586 459 661 est,
476 569 598 643 dicens
614 602 621 641 :
640 601 657 637 a
671 571 805 668 Adjuva
821 598 899 661 me,
912 591 1032 647 sancte
1044 575 1268 651 Marcelline!
1281 612 1298 647 a

242 689 324 783 Quo
336 688 491 763 clamore
501 690 639 762 tametsi
650 714 788 775 omnes,
803 689 865 789 qui
881 691 919 762 in
927 691 1071 765 ecclesia
1082 709 1200 787 erant,
1211 693 1300 769 haud

239 832 345 903 parva
369 804 492 879 forent
521 804 794 904 perturbatione
812 809 1007 894 commoti,
1028 812 1164 906 majore
1184 824 1300 885 tamen

238 938 498 1021 partepropter
508 923 747 994 reverentiam
760 922 972 1022 evangelicae
986 923 1151 998 iectionis
1170 924 1209 997 in
1224 926 1301 1001 Ιοω

237 1055 459 1125 remanente,
473 1037 591 1137 piures
603 1037 646 1110 ad
657 1036 851 1111 videndum
862 1065 1029 1140 quaenam
1041 1066 1144 1115 eausa
1159 1040 1301 1143 hujusoe

237 1157 404 1232 clamoris
428 1157 595 1230 existeret
619 1172 876 1241 accurrerunt3
903 1172 960 1242 et,
987 1172 1029 1228 ut
1044 1173 1166 1256 postea
1187 1160 1300 1233 testati

236 1286 335 1359 sunt,
353 1273 571 1346 invenerunt
583 1271 768 1359 eumdem,
787 1273 823 1343 in
839 1297 882 1345 eo
896 1298 971 1372 quo
983 1272 1194 1347 consederat
1207 1274 1298 1369 1000,

236 1406 384 1464 extento
400 1415 440 1461 ae
457 1389 665 1487 resupinato
683 1414 836 1487 corpore
847 1393 1048 1488 jacentem,
1064 1406 1300 1493 mentumque

234 1533 274 1579 ac
300 1523 425 1606 pectus
451 1530 580 1578 cruore
607 1533 651 1577 ex
676 1504 821 1579 naribus
844 1504 1049 1604 profluente
1070 1506 1296 1580 inundatum.

235 1624 305 1716 Qui
331 1647 415 1695 cum
439 1622 484 1693 ab
508 1623 557 1694 eis
584 1637 744 1709 erectus,
768 1638 803 1693 et
827 1622 1014 1720 paululum
1035 1647 1141 1723 aquae
1161 1620 1298 1725 frigide

235 1766 378 1812 sumens
396 1739 520 1813 fuisset
548 1754 750 1827 recreatus,
776 1739 902 1811 retulit
926 1737 993 1811 sibi
1024 1740 1142 1813 visum
1169 1738 1295 1828 tuisse,

237 1873 325 1929 tunc
352 1882 437 1929 cum
466 1856 563 1929 iliam
585 1881 710 1929 vocem
736 1856 923 1945 emiserat,
950 1858 1049 1958 quod
1066 1858 1197 1959 aliquis
1219 1884 1297 1932 eum

235 1999 358 2075 pugno
378 1976 414 2047 iu
432 1975 609 2047 cervicem
624 1974 868 2071 percussisset,
879 1988 987 2073 atque
1003 1972 1084 2047 ideo
1094 1972 1192 2047 besti
1211 1975 1298 2048 Mar·

237 2094 324 2191 tyris
346 2092 519 2163 auxilium
543 2091 763 2189 implorasse.
785 2093 965 2165 Caeterum
984 2089 1080 2165 hunc
1095 2092 1212 2165 ictum
1231 2108 1296 2165 tam

238 2211 428 2283 salutarem
457 2210 487 2281 ei
511 2208 620 2282 fuisse
645 2223 788 2282 constat
804 2223 862 2295 ut,
882 2234 924 2281 ex
944 2208 1008 2282 itto
1025 2211 1201 2309 temporis
1220 2234 1297 2284 mo-

237 2343 375 2413 mento,
386 2325 528 2397 nullum
538 2324 632 2395 iilius
642 2324 752 2397 foedae
762 2324 967 2424 agitationis
977 2324 1168 2425 vestigium
1179 2327 1218 2399 in
1228 2332 1297 2425 ejus

236 2469 389 2543 corpore
414 2442 564 2516 ulterius
593 2458 793 2541 appareret.
821 2443 853 2513 ls
879 2457 1002 2540 postes
1023 2467 1088 2541 per
1103 2440 1198 2516 duos
1228 2442 1297 2515 serr.

235 2589 350 2636 annos
373 2562 410 2632 in
429 2561 554 2634 eodem
578 2558 659 2631 loco
675 2558 825 2645 mansit,
846 2573 883 2629 et
904 2572 946 2628 ut
965 2557 1038 2657 ipse
1060 2574 1211 2633 testatus
1228 2574 1294 2645 est,

236 2678 334 2752 nulla
354 2703 426 2750 uox
451 2677 488 2747 in
508 2675 576 2747 hoc
596 2674 746 2747 biennio
767 2673 857 2763 fuit,
879 2675 917 2746 in
942 2699 1012 2774 qua
1030 2699 1095 2773 per
1117 2675 1296 2749 somnium

235 2795 395 2881 eosdem,
415 2794 478 2893 qui
498 2817 581 2865 eum
598 2791 735 2863 salvum
752 2790 939 2877 fecerunt,
958 2792 1132 2890 Martyres
1149 2819 1226 2867 non
1242 2792 1296 2865 vi·

233 2913 339 2985 disset
353 2939 362 2996 ς
379 2909 491 2981 multa
512 2934 657 3009 quoque
671 2907 717 2979 ab
735 2909 784 2980 eis
800 2907 972 2993 audisset,
986 2933 1070 3009 quae
1089 2907 1170 2982 aliis
1182 2908 1296 2983 dioen

230 3027 446 3127 jubebatur:
463 3052 507 3097 ex
515 3022 823 3125 quibuspleraque
833 3050 932 3097 nunc
944 3022 1093 3123 impiere
1101 3025 1293 3111 cernimus,

233 3170 315 3244 quae
335 3143 395 3216 itte
411 3158 498 3214 tunc
510 3139 631 3212 sutura
648 3165 721 3212 esse
735 3138 916 3239 praedixit.

284 3625 345 3696 to.
373 3622 458 3693 Post
480 3645 611 3720 paucos
632 3621 706 3694 dies
722 3620 877 3693 vidimus
901 3635 937 3693 et
958 3621 1069 3693 alium
1083 3620 1289 3723 quemdam,

233 3740 341 3813 simili
357 3735 488 3812 morbo
511 3738 751 3838 implicitum,
772 3739 808 3809 in
833 3736 953 3810 eadem
970 3734 1135 3827 basitica,
1154 3764 1221 3838 per
1233 3762 1292 3811 eo·

232 3857 398 3931 rumdem
413 3858 631 3929 Sanctorum
647 3857 789 3942 merita,
804 3879 880 3927 non
893 3846 1056 3927 dissimili
1065 3854 1179 3929 modo
1189 3880 1289 3927 onn-

235 3993 326 4049 tum.
341 3977 433 4049 Nam
445 3972 598 4076 quadam
615 3988 723 4047 nocte
732 4025 743 4059 ,
759 3998 841 4044 cum
854 3971 898 4044 ad
908 3971 1131 4044 matutinum
1141 3972 1289 4047 officium

233 4092 506 4177 celebrandum,
532 4107 569 4163 et
584 4090 717 4163 divinae
735 4090 821 4189 legis
846 4088 1019 4163 lectiones
1045 4086 1237 4163 audiendo
1256 4086 1287 4159 in

231 4210 374 4284 ecclesia
395 4210 613 4293 sederemus,
642 4207 791 4279 intravit
805 4205 952 4305 quidam
972 4202 1100 4279 habitu
1121 4202 1284 4287 clerinti,
