3090 5302
232 426 290 481 tlt
459 421 639 481 Hls'l'Ottta
661 420 978 493 'thNstsTtotlls,
1000 442 1060 483 erc.

233 542 349 612 (tontis
364 556 543 640 tantaeque
558 540 810 614 obstinationis
827 558 899 627 est,
919 556 959 613 ut
982 556 1036 613 tot
1061 544 1285 616 revelationi-

234 657 299 729 bus
314 683 388 729 non
406 655 544 746 credat,
564 685 605 730 ae
620 673 675 730 tot
689 659 847 744 monita,
866 657 910 730 ad
923 685 958 732 se
971 659 1146 731 divinitus
1164 662 1283 747 missa,

232 772 427 848 arbitretur
440 801 512 847 esse
526 777 787 849 contemnenda
798 774 816 847 'l
827 776 924 850 Vade
935 792 971 848 et
984 777 1042 848 dic
1053 779 1101 864 ei,
1111 785 1197 879 quia
1209 778 1283 865 boe,

233 892 330 992 quod
348 889 440 965 beati
466 893 641 993 Martyres
664 893 708 966 de
734 895 805 965 suis
823 891 1036 992 corporibus
1055 892 1132 967 fieri
1151 892 1286 968 deside-

234 1023 334 1093 rant,
364 1004 538 1079 infectum
564 1034 747 1081 remanere
766 1033 841 1080 non
859 1010 1007 1105 poterit.
1034 1007 1208 1101 Quamvis
1233 1008 1285 1081 ille

234 1122 403 1195 hactenus
415 1122 635 1195 voluntatem
648 1149 774 1196 eorum
785 1125 821 1195 in
831 1122 895 1195 liae
906 1150 946 1197 rc
956 1123 1070 1196 secere
1080 1124 1284 1211 distulisset,

233 1239 459 1324 etiamnunc,
469 1239 497 1311 si
512 1264 586 1311 non
598 1239 731 1311 velitut
741 1238 844 1338 liujus
851 1238 933 1311 sacti
946 1240 1117 1313 meritum
1127 1240 1172 1312 ed
1184 1239 1286 1312 alium

235 1366 408 1439 transeat,
427 1353 571 1428 festinet
596 1382 719 1428 eorum
747 1357 941 1455 adimplere
960 1357 1181 1455 jussionem
1199 1356 1286 1431 etad

236 1473 374 1559 locum,
396 1499 500 1572 quem
522 1473 586 1571 ipsi
605 1472 809 1573 elegerunt,
829 1500 978 1575 corpora
999 1475 1147 1549 illorum
1167 1476 1286 1575 depor-

234 1606 307 1661 tare
325 1616 399 1661 non
421 1589 586 1688 negligat.
603 1620 621 1657 a

286 2170 344 2240 ts.
365 2166 448 2238 Post
485 2164 545 2237 bas
571 2167 725 2266 aliasque
747 2164 975 2238 multimodas
996 2164 1040 2237 ad
1062 2191 1120 2239 me
1146 2164 1283 2265 perlatas

235 2284 517 2370 admonitiones,
532 2283 648 2355 visum
660 2300 713 2355 est
723 2280 810 2354 mibi
828 2282 925 2354 illam
936 2308 1121 2355 sacrorum
1134 2284 1283 2355 cinerum

239 2399 590 2473 translationemnon
600 2397 1067 2486 essediutiusdillerendem
1081 2396 1285 2499 acproiodt,

241 2517 333 2591 inito
361 2517 535 2604 coneilio,
567 2516 805 2604 decrevimus,
835 2532 876 2587 ut
903 2514 958 2604 id,
985 2530 1126 2615 quanto
1151 2514 1286 2589 celerius

240 2634 316 2707 lieri
331 2635 525 2732 potuisset,
544 2633 715 2732 perficere
733 2648 961 2706 certaremus.
978 2631 1092 2731 lgitur
1108 2628 1286 2715 omnibns,

240 2778 324 2850 quae
340 2751 384 2824 ad
402 2750 492 2824 banc
505 2750 751 2824 devectionem
765 2747 957 2823 necessaria
971 2746 1207 2836 videbantur,
1220 2771 1289 2846 np-

241 2868 368 2939 timet
393 2892 476 2938 cum
500 2891 642 2937 summo
670 2862 788 2939 studio
811 2862 1035 2962 preparatis,
1063 2862 1180 2963 prims
1206 2861 1290 2939 taoe.

242 2998 323 3081 post
339 2982 559 3080 completum
572 2981 790 3054 matutinum
806 2979 986 3065 officium,
1001 3003 1142 3050 sacrum
1154 2977 1292 3051 illumet

244 3096 529 3172 inaestimabilem
547 3098 766 3184 thesaurum,
787 3123 870 3168 cum
887 3097 1022 3197 ingenti
1040 3096 1142 3169 luctu
1156 3120 1199 3168 ac
1210 3118 1294 3168 ωα-

245 3242 329 3289 rore
343 3216 489 3289 illorum
502 3216 565 3315 qui
581 3216 617 3288 in
633 3217 715 3289 loco
728 3230 830 3287 erant
843 3214 1062 3301 remansuri,
1079 3212 1294 3297 sustulimus,

244 3348 351 3431 atque
375 3330 444 3404 iter
462 3331 608 3431 ingressi
635 3346 780 3429 portare
796 3330 993 3428 coepimus,
1020 3328 1219 3402 comitante
1238 3350 1296 3399 nos

247 3472 444 3547 pauperum
461 3445 742 3548 turba,quaeillo
751 3472 815 3545 per
828 3472 889 3519 eos
899 3443 1031 3518 diesob
1041 3445 1296 3545 eleemosyna·

245 3563 486 3663 accipiendam
500 3561 749 3663 undecumque
761 3562 985 3636 confluxerat
999 3591 1008 3633 ε
1024 3586 1106 3633 uam
1123 3560 1218 3633 ciros
1233 3582 1296 3630 me-

246 3696 371 3755 nentes
388 3680 532 3782 populi,
550 3682 636 3781 quid
647 3680 740 3780 apud
758 3705 823 3752 nos
838 3693 1021 3778 ageretur,
1042 3678 1187 3777 penitus
1201 3677 1295 3777 igno·

246 3797 387 3872 rabant.
414 3802 501 3870 Erat
516 3797 652 3871 coelum
669 3823 776 3896 greve
798 3794 949 3869 sordidis
970 3792 1147 3881 nubibus,
1170 3809 1206 3868 et
1221 3816 1297 3895 que

248 3919 284 3990 in
307 3918 489 4017 ingentem
506 3916 662 4015 pluviam
679 3917 753 3987 cito
773 3912 901 3987 resolvi
921 3929 1090 4013 possent,
1109 3912 1178 3985 uisi
1195 3908 1302 3983 iddi-

249 4037 330 4107 vina
341 4036 454 4107 virtus
468 4034 545 4107 lieri
557 4030 768 4133 prohiberet
781 4061 790 4103 ε
806 4058 889 4104 nam
903 4046 977 4103 tota
989 4044 1098 4105 nocte
1111 4028 1170 4103 illa
1182 4029 1218 4101 iu
1228 4040 1305 4099 tan·

250 4167 351 4241 tum,
371 4152 446 4223 sine
466 4149 749 4233 intermissione,
770 4146 932 4247 pluebat,
955 4162 993 4218 ut
1011 4142 1118 4221 nobis
1135 4146 1204 4219 iter
1218 4134 1302 4215 illud
