3090 5302
243 427 303 485 312
467 427 650 486 HISTORIA
671 428 989 495 TRANSLATIONIS,
1013 452 1076 493 [τε.

240 544 488 618 membrorum
508 546 664 638 uiribus,
687 549 844 647 propriis
860 547 1010 647 pedibus
1027 548 1071 622 ad
1090 576 1152 621 sua
1172 576 1300 651 regres-

241 689 299 733 SUS
315 680 380 735 (¹81.

291 899 350 969 62.
376 897 465 970 Erat
483 896 614 972 ibidem
629 900 720 972 alter
733 925 834 1000 teque
845 901 1006 998 juvenis,
1021 901 1175 975 nomine
1185 902 1302 976 Gerla-

241 1040 315 1101 cus,
329 1013 373 1087 de
386 1015 477 1089 urbe
490 1018 706 1104 Remorum,
725 1019 820 1091 inter
833 1042 912 1106 eos,
927 1017 1010 1116 qui,
1024 1033 1180 1117 propter
1194 1017 1302 1092 edifi-

239 1132 291 1202 cia
306 1132 425 1230 palatii
441 1135 698 1222 construenda,
716 1135 803 1233 jussi
817 1133 863 1208 de
880 1133 939 1206 itta
953 1134 1097 1209 civitate
1110 1154 1298 1210 venerunt.

237 1250 271 1318 ls
297 1263 379 1321 ante
405 1249 592 1323 dimidium
620 1251 696 1325 fere
720 1277 856 1323 annum
884 1251 921 1323 in
946 1250 1073 1325 eodem
1099 1252 1207 1339 vico,
1230 1268 1298 1325 tam

238 1363 352 1436 valida
363 1382 470 1466 atque
482 1367 629 1440 immani
644 1392 841 1442 nervorum
852 1369 1103 1443 contractione
1115 1385 1300 1469 corruptus

239 1497 306 1567 est,
319 1496 361 1553 ut
371 1482 476 1581 pedes
485 1483 628 1558 natibus
639 1501 676 1557 et
685 1511 798 1583 genua
809 1501 935 1557 mento
945 1482 1186 1559 cohaererent.
1199 1486 1301 1557 Hunc

239 1599 326 1672 socii
341 1616 447 1700 atque
464 1603 660 1704 propinqui
680 1603 715 1674 in
734 1601 828 1673 ulnis
841 1603 913 1674 auis
924 1600 1095 1690 ferentes,
1111 1602 1154 1675 ed
1168 1628 1301 1677 memo·

239 1729 360 1786 ratum
373 1717 576 1790 oratorium
590 1715 820 1806 detulerunt3
842 1734 879 1790 et
891 1716 974 1817 quia
988 1717 1094 1792 aliter
1105 1742 1185 1791 non
1201 1734 1302 1819 pote-

240 1846 314 1918 rat,
332 1859 489 1930 pronum
500 1837 618 1933 jacere
635 1833 799 1908 fecerunt
807 1886 818 1922 ,
833 1849 1070 1936 sanctumque
1082 1834 1299 1937 Martyrum,

239 1963 282 2017 ut
294 1949 325 2020 ei
339 1948 469 2021 sanitas
481 1949 705 2038 redderetur,
720 1977 804 2023 cum
817 1977 942 2052 magna
954 1947 1150 2025 devotione
1160 1976 1302 2051 nogare-

240 2079 343 2135 runt.
371 2066 453 2137 Dies
483 2082 559 2139 erat
584 2066 786 2153 dominica,
822 2083 930 2168 atque
959 2065 1048 2141 hora
1074 2065 1147 2140 diei
1173 2067 1301 2155 tertia,

242 2179 388 2278 quando
410 2181 496 2255 illuc
517 2184 643 2255 allatus
665 2201 718 2256 est
737 2184 946 2285 :jacuitque
965 2180 1017 2255 ibi
1037 2210 1151 2284 usque
1171 2184 1218 2258 ad
1235 2183 1304 2259 ho-

241 2320 321 2366 ram
334 2322 481 2371 nonam.
499 2299 662 2399 Cumque
675 2299 830 2372 officium
847 2298 1002 2398 ejusdem
1020 2297 1121 2373 horae
1133 2326 1154 2371 a
1168 2298 1304 2373 clericis

245 2430 336 2484 esset
348 2414 558 2489 solemniter
572 2416 784 2515 impletum,
805 2443 886 2489 cece
898 2416 943 2489 de
956 2442 1078 2515 capsa,
1092 2443 1176 2516 quae
1192 2442 1305 2491 suem

243 2528 336 2601 beati
360 2534 531 2633 martyris
549 2532 717 2632 reliquias
739 2530 967 2621 continebat,
991 2547 1090 2605 tanta
1107 2532 1303 2607 suavissimi

241 2663 348 2746 atque
377 2650 505 2722 insueti
533 2650 654 2723 odoris
683 2650 875 2749 fragrantia
898 2645 1083 2749 egrediens
1109 2648 1163 2722 sic
1192 2664 1303 2723 totam

242 2768 391 2838 oratorii
418 2767 582 2840 cellulam
604 2767 766 2867 implevit
790 2782 831 2837 ut
852 2768 889 2839 in
912 2765 1190 2839 admirationem
1208 2768 1303 2865 ejus,

242 2908 368 2957 omnes
389 2886 451 2986 qui
476 2885 645 2974 aderant,
672 2886 923 2957 incunctanter
940 2895 1189 2983 assurgerent,
1210 2908 1253 2957 ac
1268 2908 1304 2957 se

240 3020 392 3095 mutuo,
411 3032 456 3076 au
478 3003 571 3077 idem
593 3029 719 3077 omncs
741 3002 927 3102 aequaliter
947 3000 1143 3089 sentirent,
1166 3000 1302 3075 curiosa

241 3121 526 3219 interrogatione
538 3123 804 3222 perquirerent.
822 3121 914 3191 Cum
926 3117 1049 3193 samito
1062 3118 1187 3193 vident
1201 3144 1300 3205 enm,

240 3237 302 3335 qui
312 3240 414 3336 juxta
426 3235 586 3336 jacebat,
601 3239 700 3312 velut
711 3265 730 3309 a
743 3236 957 3339 quibusdam
970 3234 1179 3309 tenentibus
1191 3234 1301 3323 πῶς

239 3368 277 3425 et
289 3351 470 3440 membra,
490 3380 572 3455 quae
585 3352 716 3428 morbo
728 3368 832 3425 erant
843 3368 1047 3441 contracta,
1062 3348 1208 3427 extendi
1223 3381 1234 3423 s
1248 3352 1304 3425 in-

240 3470 511 3572 telligentesque
529 3472 688 3543 divinam
707 3468 824 3543 adesse
842 3472 1037 3559 virtutem,
1053 3469 1221 3543 tulerunt
1237 3468 1304 3545 ho·

236 3589 394 3675 minem,
415 3604 452 3660 ct
472 3613 595 3661 coram
615 3587 717 3660 altari
743 3586 1023 3664 collocaverunt.
1049 3586 1120 3681 Qui
1146 3612 1231 3661 cum
1250 3586 1300 3661 ibi

236 3707 400 3805 positus,
431 3732 514 3778 cum
547 3705 669 3776 multis
702 3705 868 3806 lacrymis
897 3705 1063 3777 divinum
1092 3703 1302 3805 imploraret

236 3825 433 3915 auxilium,
465 3824 604 3896 cunctis
632 3821 862 3897 cernentibus
883 3824 931 3896 ita
952 3838 1138 3898 correctns
1164 3837 1220 3897 est
1237 3840 1278 3897 ut
1285 3876 1298 3913 ,

234 3945 296 4044 qui
319 3942 485 4016 manibus
504 3943 628 4015 alienis
648 3940 838 4014 subvectus
858 3942 894 4013 in
915 3941 1118 4016 oratorium
1135 3954 1297 4027 neunt,

231 4063 388 4159 propriis
402 4060 552 4160 pedibus
565 4061 609 4133 de
622 4062 784 4134 oratorio
797 4059 1022 4160 procederet.
1034 4058 1297 4133 Testimonium

231 4190 348 4249 tamen
362 4203 469 4275 quam
483 4204 667 4277 perpessus
680 4192 734 4252 est
752 4175 943 4276 passionis,
958 4173 1075 4247 adhuc
1090 4174 1129 4247 in
1143 4199 1211 4249 suo
1221 4196 1296 4249 con·
