3090 5302
564 339 755 404 ulutatum
777 339 952 406 cutum.
1235 343 1296 406 ns

233 465 415 565 quinatos,
432 461 623 536 admonere
635 461 877 562 dignatusest,
893 448 1014 536 dicens
1026 493 1035 535 z
1049 463 1136 537 Date
1148 462 1295 538 eleemo-

234 607 380 681 synam,
400 594 437 652 et
454 604 534 652 ecce
551 579 672 653 omnia
687 578 818 652 munda
836 594 922 652 sunt
940 578 1064 668 vobis3
1083 594 1119 654 et
1136 579 1267 653 iterum
1283 610 1291 651 ε

234 698 356 771 Facite
366 694 468 770 vobis
484 698 617 771 amicos
633 695 677 769 de
691 721 894 769 mammona
913 696 1128 795 iniquitatis,
1149 697 1211 796 qui
1232 721 1295 770 vos

235 814 411 912 recipiant
425 813 460 884 in
476 826 608 884 aeterna
624 811 863 907 tabernacula.
883 810 1021 885 Idcirco
1035 837 1114 899 nos,
1133 813 1170 884 in
1186 813 1294 910 ipsius

235 932 300 1005 Dei
327 930 594 1027 Omnipotentis
621 945 657 1002 et
681 930 744 1000 ista
767 927 927 1028 jubentis
945 931 1113 1018 nomine,
1136 927 1294 1003 Einhar-

235 1048 300 1119 dus
329 1062 365 1119 et
387 1049 512 1135 lmma,
536 1046 641 1117 simul
664 1044 709 1118 de
729 1043 839 1119 salute
866 1046 1065 1120 animarum
1091 1061 1296 1120 nostrarum

237 1165 456 1262 cogitantes,
479 1160 579 1235 etde
604 1160 789 1236 abolendis
812 1161 1139 1262 peccatisnostris,
1161 1161 1296 1236 beatae-

237 1307 308 1380 que
318 1306 359 1351 ac
372 1294 554 1378 perpetuae
568 1279 653 1352 vitae
667 1278 823 1378 praemiis
835 1277 1092 1379 consequendis
1104 1278 1180 1377 pari
1194 1278 1299 1352 devo·

238 1398 338 1469 tione
355 1410 560 1484 tractantes,
580 1393 649 1470 boc
665 1409 918 1468 testamentum
932 1393 1048 1467 facere
1064 1392 1296 1468 decrevimus.

237 1513 306 1584 Per
329 1509 425 1611 quod
446 1524 639 1608 spontanea
664 1526 701 1583 et
730 1511 867 1609 integra
893 1509 1078 1583 voluntate
1101 1507 1297 1596 donamus,

239 1629 337 1727 quod
356 1627 402 1700 ab
421 1626 591 1703 hodierna
613 1627 671 1701 die
687 1627 861 1702 donatum
884 1627 1153 1715 essevolumus,
1177 1627 1212 1698 id
1231 1641 1298 1717 est,

240 1738 365 1813 cellam
393 1738 506 1812 nostri
534 1740 625 1836 juris
653 1737 828 1812 vocabulo
856 1735 1103 1825 Michlenstat,
1132 1737 1235 1810 sitam
1261 1738 1299 1810 iu

240 1880 330 1954 pago
343 1853 550 1953 Plumgowe
568 1854 644 1954 (t),
670 1855 706 1927 in
725 1854 812 1928 silva
834 1881 915 1955 quae
939 1853 1073 1927 dicitur
1091 1854 1301 1930 Odenewalt

240 1998 347 2071 super
384 1970 534 2044 fluvium
572 1972 837 2072 Mimilingum,
880 1998 987 2072 quam
1022 1972 1128 2046 nobis
1163 1972 1301 2073 glorio·

240 2090 397 2161 sissimus
413 2089 579 2188 princeps
592 2089 747 2163 domnus
763 2089 996 2165 llludowicus
1013 2092 1213 2190 Imperator
1229 2091 1302 2164 lar-

241 2208 381 2308 gissima
397 2207 608 2282 liberalitate
619 2209 806 2298 concessit,
820 2226 855 2282 et
865 2209 996 2309 dejure
1007 2235 1072 2282 suo
1084 2209 1123 2282 in
1134 2225 1301 2283 nostrum

234 2329 295 2424 jus
313 2323 463 2398 solemni
479 2323 675 2399 donatione
691 2324 887 2413 transtulit,
911 2352 951 2397 ac
965 2326 1136 2425 praecepti
1153 2327 1206 2398 sui
1222 2350 1303 2399 auc·

243 2451 388 2523 toritate
408 2450 444 2521 in
462 2450 720 2549 proprietatem
739 2448 844 2523 nobis
859 2451 1095 2523 confirmavit.
1117 2451 1237 2540 Hanc,
1262 2466 1303 2523 ut

241 2568 416 2657 diximus,
436 2567 561 2640 cellam
578 2566 644 2638 sub
665 2566 868 2666 integritate
888 2591 969 2637 cum
987 2562 1155 2638 omnibus
1173 2591 1303 2664 appen-

242 2684 344 2756 diciis
367 2700 403 2757 et
428 2683 590 2757 terminis
608 2683 697 2776 suis,
718 2698 854 2756 etcum
874 2679 1044 2757 omnibus
1065 2679 1107 2753 ad
1130 2707 1166 2755 se
1187 2681 1302 2780 perti-

243 2799 433 2888 nentibus,
455 2797 490 2871 id
504 2812 576 2884 est,
598 2796 774 2889 basilicis,
788 2793 973 2884 domibus,
989 2796 1197 2896 caeterisque
1213 2794 1304 2868 aedi-

245 3077 296 3130 par
309 3056 458 3126 Tolnerus,
475 3056 542 3114 Cod.
557 3057 670 3130 diplom.
681 3056 821 3124 Palatia,
833 3073 895 3130 pag.
905 3054 925 3111 6
936 3065 964 3111 et
975 3071 1003 3130 7,
1017 3064 1045 3109 et
1056 3070 1107 3128 par
1118 3055 1302 3125 Weincltens,

246 3153 315 3205 dans
331 3169 380 3206 eon
394 3154 572 3226 Egiubartus
587 3154 758 3220 illustratus,
779 3173 806 3226 p.
827 3151 884 3206 106.
899 3152 937 3206 Le
947 3150 1061 3218 Cointc,
1080 3150 1128 3225 qui
1145 3150 1170 3205 la
1189 3153 1305 3226 regardo

246 3265 355 3301 comme
368 3247 466 3314 lansec,
481 3251 588 3305 Annul.
604 3250 701 3305 eccles.
714 3249 828 3312 urana,
844 3248 931 3317 VIII,
948 3264 1010 3316 tto,
1024 3257 1053 3302 et
1066 3247 1188 3317 Ecbatd,
1203 3248 1304 3306 Fruar.

247 3347 358 3406 orient,
373 3343 414 3410 11,
433 3343 497 3409 153,
517 3364 552 3401 en
563 3356 613 3401 ont
625 3345 719 3401 donne
734 3343 783 3399 des
795 3344 957 3417 fragments.
977 3343 1055 3398 Nous
1069 3342 1096 3398 la
1112 3344 1307 3418 reimpn'mons

247 3440 355 3512 d’apres
369 3438 395 3494 le
413 3439 509 3495 Codex
522 3440 713 3509 lauresham,
727 3451 795 3495 tom.
810 3440 837 3508 Ι,
853 3445 880 3513 p.
894 3438 943 3508 46,
957 3446 989 3494 n⁰
1003 3457 1045 3494 xx.

284 3536 324 3606 (1)
343 3535 379 3589 Le
400 3552 465 3608 pays
480 3533 515 3590 de
530 3534 724 3604 Phlumbeim,
744 3536 815 3609 petit
833 3552 909 3609 pays,
927 3554 1020 3609 pagus
1039 3538 1136 3604 minor,
1156 3536 1228 3590 sitae
1240 3535 1307 3592 dans

250 3634 275 3686 la
300 3634 387 3704 partie
412 3631 580 3688 occidentale
601 3633 636 3689 de
661 3632 852 3701 l’Odeuwald,
875 3651 928 3688 aux
953 3634 1082 3689 envirous
1103 3632 1138 3688 de
1161 3632 1186 3688 la
1209 3627 1308 3688 rivierc

251 3732 286 3786 de
303 3730 456 3803 Mumling,
474 3731 674 3802 Miuuliugum,
693 3731 908 3804 Me’miningalse,
928 3730 1018 3785 laisait
1031 3729 1118 3802 partie
1132 3730 1171 3783 du
1186 3746 1251 3801 pays
1269 3728 1307 3783 du

252 3827 338 3880 Mein.
355 3827 448 3897 Voyez
464 3825 489 3879 ci
499 3823 613 3893 densus,
630 3844 656 3899 p.
676 3829 737 3894 410,
752 3837 817 3882 note
836 3827 862 3882 5.
879 3829 915 3882 Le
925 3826 982 3881 lieu
993 3828 1105 3881 nomme'
1118 3824 1306 3895 Phlumheim,

252 3911 302 3983 qui
310 3909 348 3963 lui
361 3908 476 3963 donnait
487 3927 536 3962 son
548 3927 622 3978 nom,
632 3909 759 3982 s'appelle
768 3909 944 3982 aujourd’bui
955 3908 1224 3975 flaumheim,luuc
1236 3906 1308 3962 lieue

254 4005 282 4060 S.
298 4004 470 4071 d’Ostheim,
485 4003 553 4058 dans
565 4002 591 4058 le
603 4002 690 4076 grand
701 4003 793 4060 unche
805 4005 840 4061 de
852 4006 938 4060 llesse
954 4002 1120 4059 Darmstadt.
1136 4003 1228 4074 Voyez
1243 4003 1308 4058 Rea·

256 4100 345 4165 solius,
363 4119 424 4173 pag.
439 4099 499 4173 730,
519 4117 549 4153 110
562 4117 662 4152 ccccvi.
