3090 5302
236 370 295 428 ns
460 362 644 426 meroen
665 362 987 439 rumsusrrours,
1009 384 1074 427 nc.

237 488 351 561 Roma
363 484 511 571 detulit,
527 500 567 555 ut
580 484 654 582 ipse
670 482 994 582 osse1·ebnt,jussus
1008 484 1110 557 venit
1119 535 1132 572 ,
1144 482 1305 559 deterens

239 602 422 689 libellum,
450 601 637 700 complura
665 599 818 700 capitula
838 600 1110 689 continentem
1130 605 1234 701 cujus
1254 628 1304 675 n·

239 721 376 793 tionem
390 718 496 790 talem
508 742 582 790 esse
600 717 746 805 retulit,
761 716 884 790 dicens
899 747 908 788 ε
925 716 1000 790 'sibi
1017 742 1157 791 caecum
1179 718 1303 805 ilium,

237 839 336 934 cujus
350 833 460 909 modo
476 834 626 908 fecimus
647 835 894 923 mentionem,
911 861 955 909 cx
967 836 1163 910 autoritate
1174 818 1304 935 Marty-

236 981 319 1026 rum
345 955 554 1055 praecepisse
580 969 621 1025 ut
646 979 684 1026 eu
707 953 859 1053 capitulo
880 953 1121 1043 describeret,
1148 953 1305 1057 mihique

234 1073 409 1162 deferret,
425 1099 465 1145 ac
477 1073 612 1146 diceret
626 1086 667 1143 ut
680 1097 718 1144 ea
729 1073 960 1170 susciperem,
972 1087 1081 1175 atque
1097 1074 1304 1173 imperatori

235 1191 382 1290 legenda
394 1191 577 1264 offerrem.
593 1189 736 1288 Suscepi
749 1188 795 1261 ab
805 1214 849 1263 eo
859 1188 1024 1262 libellum
1037 1188 1303 1293 atqueperiegi,

233 1306 535 1407 emendatumque
567 1333 607 1379 ac
641 1307 784 1380 noviter
807 1309 984 1407 seriptum
1011 1307 1244 1406 imperuton',
1268 1320 1305 1379 ut

228 1428 406 1522 jusserat,
423 1421 553 1496 obtuli.
580 1423 629 1493 Et
645 1422 705 1496 iile
721 1421 868 1525 quidem
889 1424 1045 1522 suscepit
1061 1437 1171 1523 etque
1189 1422 1304 1522 perie-

232 1543 286 1641 git
299 1572 308 1614 ε
322 1540 384 1615 sed
399 1539 443 1615 de
455 1540 523 1629 his,
536 1567 618 1643 quae
633 1566 697 1640 per
714 1538 811 1613 hunc
821 1539 985 1615 libellum
994 1540 1111 1615 facere
1115 1542 1240 1639 jussus
1252 1538 1303 1615 vei

232 1657 438 1733 admonitus
455 1656 590 1744 suerat,
612 1682 789 1756 perpauca
812 1655 1010 1756 adimplere
1034 1656 1191 1729 curarit.
1213 1656 1303 1751 Quid

231 1791 353 1849 nutem
368 1774 427 1847 itta
442 1776 597 1873 capitula
612 1775 933 1864 continerent,aut
942 1774 1032 1876 quid
1042 1773 1144 1849 obeo
1155 1773 1301 1861 iactuum,

230 1891 363 1992 quidve
380 1889 568 1964 dimissum
578 1892 623 1963 sit
633 1944 644 1980 ,
658 1892 730 1965 alio
741 1894 861 1991 potius
873 1893 911 1965 in
927 1892 1031 1981 looo,
1044 1916 1153 1991 quarn
1173 1890 1212 1963 in
1223 1890 1301 1979 isto,

232 2005 589 2082 commemorandum
601 2024 666 2081 est.
676 2008 769 2081 lllud
777 2023 897 2083 tamen
908 2035 986 2084 non
998 2006 1118 2083 solum
1128 2032 1209 2081 uon
1216 2033 1302 2109 prte-

233 2124 463 2213 tereundum,
473 2127 562 2226 quin
575 2127 648 2203 imo
657 2144 779 2228 aperte
790 2153 831 2199 ac
842 2126 1136 2201 dilucideoenseo
1146 2125 1299 2200 consmi-

233 2242 414 2325 bendum,
437 2245 593 2345 qualiter
615 2246 813 2319 revelatum
831 2261 869 2321 et
880 2248 1021 2344 jussum
1036 2244 1084 2317 sit
1103 2259 1148 2318 ut
1165 2242 1301 2319 tibettn

234 2362 294 2435 ille
313 2361 390 2436 fieri
413 2378 522 2464 atque
541 2364 616 2464 regi
630 2365 706 2437 dari
726 2363 895 2439 debuerit
906 2392 918 2452 ;
932 2389 1016 2465 quae
1036 2360 1221 2437 Rutleicus
1239 2360 1300 2435 boe

235 2480 344 2556 modo
359 2482 553 2582 contigisse
573 2482 714 2556 retulit.

285 3192 416 3264 «Ante
439 3217 589 3291 paucos,
616 3192 758 3292 inquit,
781 3191 876 3279 dies,
898 3216 981 3263 cum
1004 3191 1041 3263 in
1064 3186 1300 3264 eeclesinmnd

234 3311 409 3413 agendum
425 3327 646 3384 nocturnum
659 3310 815 3384 officium
827 3336 871 3384 ex
882 3334 986 3383 more
1001 3308 1300 3393 convenissemus,

234 3430 390 3503 adiitme
407 3454 521 3503 caecus
535 3427 615 3516 ille,
628 3454 739 3530 quem
755 3429 890 3517 nostis,
904 3453 1037 3529 rogans
1050 3442 1094 3499 ut
1107 3428 1146 3501 in
1167 3440 1301 3527 purtem

235 3549 389 3648 aliquam
401 3547 631 3621 secretiorem
644 3573 726 3619 cum
741 3544 806 3619 illo
818 3543 1031 3620 secederem.
1050 3543 1132 3619 Feci
1143 3556 1188 3617 ut
1204 3542 1302 3619 role-

236 3666 317 3753 bet,
332 3679 369 3741 et
381 3691 464 3737 cum
476 3689 519 3738 eo
532 3664 695 3737 cellulam
703 3718 715 3753 ,
729 3664 768 3736 in
780 3689 849 3764 qua
862 3663 1045 3763 quiescere
1055 3658 1236 3749 solebam,
1249 3660 1301 3735 in·

236 3813 375 3888 gressus
383 3811 477 3857 sum.
493 3784 589 3856 Tum
599 3781 660 3856 ille
671 3782 792 3882 prior:
805 3811 825 3854 u
834 3782 921 3871 Hac,
934 3780 1067 3882 inquit,
1079 3776 1303 3880 noctepttrlo

236 3923 428 4006 antequam
446 3929 538 3977 sono
559 3902 746 4003 signorum
765 3900 910 3974 excitati
932 3924 1181 4000 surgeremus,
1198 3924 1302 4001 epp·

237 4027 312 4096 ruit
328 4022 415 4096 mihi
434 4048 498 4122 per
521 4023 635 4095 visum
652 4019 886 4120 quidamvir,
912 4018 1043 4093 canitie
1066 4013 1299 4105 sonamite,

235 4161 331 4217 reste
347 4141 494 4217 condida
510 4140 679 4227 indutus,
698 4138 838 4239 virgam
857 4163 1000 4213 auream
1018 4160 1128 4211 monn
1152 4150 1298 4225 tenent,
