3166 5280
263 438 324 498 306
485 432 667 493 utstettta
689 432 1011 505 Tutustttteuts,
1033 454 1094 493 arc.

262 556 411 627 mientes
433 552 611 625 excitavit.
636 554 731 623 Tum
749 578 918 651 surgens,
943 552 988 625 ad
1007 553 1142 627 estium
1159 554 1319 637 accessit,

261 670 460 767 fratresque
479 694 583 758 sues,
600 669 662 768 qui
688 668 737 740 ibi
760 667 1004 758 excubabant,
1024 683 1067 743 ut
1083 696 1121 743 ee
1137 669 1184 742 ad
1200 670 1323 771 requi-

259 788 325 859 sita
343 802 482 859 naturae
499 785 594 859 feras
609 787 704 859 exire
721 787 994 885 permitterent,
1014 786 1169 887 rogarit.
1189 784 1247 859 llli
1262 812 1325 859 au-

260 920 334 979 tem
347 903 444 976 hunc
458 903 667 976 insanientis
680 902 806 977 dolum
818 903 908 993 rati,
925 928 1153 1003 neapaaquam
1165 902 1200 977 ei
1214 928 1324 975 assen-

258 1020 327 1095 tire
354 1022 428 1092 ausi
456 1036 562 1108 sunt;
592 1019 651 1092 sed
677 1020 848 1093 accersite
875 1018 1016 1118 hospite
1035 1044 1122 1108 sue,
1148 1020 1215 1119 qui
1243 1044 1324 1094 eum

257 1136 390 1211 ibidem
408 1137 620 1225 incluserat,
641 1152 682 1208 ut
701 1164 785 1210 cum
806 1164 849 1212 ee
872 1137 1041 1239 loquatur
1064 1152 1232 1213 exerunt.
1254 1136 1322 1231 Qui

255 1272 444 1355 postquam
462 1280 545 1327 cum
561 1280 605 1327 eo
624 1255 765 1327 locutus
787 1270 863 1342 est,
887 1268 996 1355 atque
1015 1280 1058 1329 ex
1077 1254 1224 1329 ratione
1244 1280 1322 1327 rca-

156 1348 166 1367 ·
254 1372 476 1472 pensionum
489 1397 634 1443 suarum
647 1398 742 1444 sanae
753 1372 886 1445 mentis
899 1396 972 1446 esse
986 1372 1185 1463 intellexit,
1198 1386 1322 1471 aperte

255 1490 371 1580 ostie,
396 1514 471 1589 que
494 1488 637 1561 volebat
668 1490 721 1562 irc
738 1489 926 1587 permisit,
951 1513 1212 1589 reversumque
1232 1488 1320 1563 reci·

254 1608 374 1705 piens,
390 1592 478 1706 quid
494 1606 538 1679 de
553 1606 705 1679 vinculis
713 1658 724 1694 ,
740 1607 873 1706 quibus
890 1634 973 1681 eum
989 1622 1183 1682 oneratum
1201 1606 1322 1681 inclu-

253 1741 357 1809 serat,
371 1724 617 1813 lactnmesset,
634 1723 834 1823 inquisivit.
842 1724 891 1795 Et
899 1724 978 1798 ille:
996 1723 1171 1813 «Catane,
1187 1724 1319 1824 inquit,

253 1868 323 1941 qna
336 1866 394 1913 me
408 1842 568 1925 tinxisti,
583 1842 674 1914 salva
689 1857 742 1915 est
759 1872 768 1912 :
785 1842 863 1915 etsi
879 1842 932 1913 vis
944 1842 1036 1915 scire
1048 1840 1186 1931 ubisit,
1200 1868 1320 1943 qnaere

254 1984 332 2031 eam
349 1974 386 2031 et
405 1958 576 2031 invenies.
591 1988 609 2027 a
622 1957 783 2031 Acceuse
796 1958 916 2058 itaque
935 1957 1086 2047 lumine,
1103 1960 1319 2033 invenerunt

255 2100 331 2147 eam
354 2090 437 2147 ante
462 2076 614 2160 lectum,
644 2074 681 2145 in
698 2098 774 2174 que
796 2076 914 2175 ipsum
931 2076 1115 2174 quiescere
1137 2074 1316 2163 fecerant,

250 2195 449 2291 jacentem,
469 2216 511 2263 ee
530 2189 640 2263 mede
657 2192 913 2289 compositam,
931 2206 1039 2292 atque
1061 2188 1197 2265 eisdem
1218 2190 1319 2265 nodis

255 2306 483 2392 adstrictam,
502 2304 635 2404 quibus
653 2322 741 2378 tunc
761 2305 899 2395 fuerat,
918 2304 1064 2407 quande
1080 2332 1166 2381 enm
1182 2332 1268 2381 eum
1282 2332 1318 2381 ea

256 2422 294 2493 in
310 2421 436 2494 eedem
450 2420 545 2493 lecte
562 2420 809 2509 collocarunt,
828 2446 869 2493 ac
885 2420 1002 2496 selum
1020 2422 1058 2495 in
1075 2418 1205 2497 eedem
1219 2420 1320 2495 cubi-

255 2539 339 2614 culo
356 2540 584 2613 dimiserunt.
606 2539 695 2631 Quis
711 2538 781 2613 hec
798 2539 921 2613 secisse
937 2538 1137 2614 credendus
1154 2556 1230 2629 est,
1254 2540 1317 2615 uisi

256 2655 318 2727 ille
333 2655 396 2755 qui
414 2654 457 2727 de
474 2652 590 2727 nilrile
606 2661 741 2726 creavit
756 2660 899 2743 omnia,
919 2656 1033 2757 etqui
1051 2656 1091 2729 in
1110 2655 1319 2759 rebusque

254 2769 417 2845 condidit
437 2769 517 2841 talia
535 2785 655 2868 petest
670 2770 805 2858 lacere,
824 2795 908 2868 quae
923 2796 990 2843 uec
1008 2770 1197 2845 intellectu
1217 2796 1320 2847 eem-

253 2884 447 2987 prehendi,
463 2910 529 2959 ucc
545 2885 710 2958 humanis
721 2902 873 2985 pessunt
887 2884 1114 2961 sermonibus
1127 2884 1321 2989 explicari?

255 3004 343 3096 Quis
358 3003 456 3075 enim
471 3018 534 3071 aut
549 3002 769 3101 cogitatione
784 3002 983 3102 conjicere,
999 3018 1062 3075 ant
1074 3004 1199 3079 verbis
1211 3004 1322 3079 valen

254 3146 441 3204 enarrare,
470 3118 626 3217 qualiter
653 3118 713 3191 ille
737 3118 927 3221 presbyter
952 3118 1008 3193 his
1032 3120 1190 3195 vinculis
1213 3122 1322 3197 lauit

254 3232 457 3318 absolutus,
485 3258 568 3303 cum
592 3231 697 3305 nobis
716 3236 951 3307 certissimum
974 3236 1022 3310 sit
1042 3237 1231 3313 neminem
1250 3262 1323 3313 etse

252 3351 316 3451 qui
340 3376 376 3425 se
399 3349 497 3423 selus
524 3351 637 3449 possit
662 3351 835 3449 ejusmodi
864 3350 1016 3427 nexibus
1037 3378 1191 3447 exuere,
1220 3354 1322 3429 sicis

253 3468 365 3543 fuerit
381 3465 490 3538 simili
516 3464 626 3540 medo
648 3469 885 3559 constrictus,
907 3470 1002 3543 sicut
1019 3468 1114 3545 idem
1131 3470 1324 3573 presbyte

253 3587 344 3674 luit,
364 3582 511 3684 quatule
527 3585 624 3657 selus
641 3585 677 3657 in
696 3586 760 3659 ille
775 3586 944 3663 eubiculo
958 3588 1116 3662 inclusus
1131 3584 1322 3663 eut-tri

255 3732 338 3781 vere
363 3704 426 3803 qui
451 3729 536 3775 eum
558 3700 690 3777 ibidem
718 3704 954 3794 dimiserunt,
978 3722 1173 3807 postquam
1190 3706 1322 3783 several

252 3850 379 3897 sanum
394 3836 430 3895 et
449 3821 579 3893 mentis
599 3847 639 3891 ac
655 3822 840 3896 memeriae
857 3849 931 3897 suae
947 3838 1157 3921 compotem
1180 3824 1324 3899 invenc-

251 3955 359 4027 runt,
380 3939 452 4012 taeti
473 3954 509 4011 et
526 3937 710 4011 laudantes
722 3938 855 4027 Deum,
880 3938 987 4012 simul
1006 3965 1090 4012 cum
1108 3964 1155 4015 eo
1171 3940 1218 4013 ad
1235 3964 1323 4041 pre·

250 4059 325 4155 pria
343 4057 488 4155 regressi
508 4072 606 4128 sunt.
621 4056 759 4129 -llec
786 4057 833 4128 ita
861 4074 1022 4157 gestum,
1045 4082 1123 4131 nen
1147 4082 1324 4159 quem·

250 4170 337 4245 libet
352 4172 495 4245 testium
510 4172 685 4246 relatione
695 4170 901 4262 didicimus,
913 4172 974 4247 sed
992 4171 1059 4271 ipsi
1071 4168 1319 4273 pertremuit
