3090 5302
427 473 663 535 Mthllhthl
688 474 736 533 ET
759 472 884 533 Pll‘llll.
1129 471 1188 532 ⁴07

131 607 260 697 Quibus
275 608 366 685 risis,
385 606 564 697 profugisse
581 606 782 673 tremefactos
798 619 962 682 asserunt,

130 724 199 814 Qui
214 723 323 790 beatos
338 723 552 802 consessores,
570 738 754 789 catenarum
770 720 912 814 pondere

129 839 345 927 Praegravatos
361 863 398 905 ac
415 839 596 930 depressos,
614 837 795 928 puniendos
809 852 982 904 traxerant.

130 957 223 1046 Quos
243 971 278 1022 ut
294 957 339 1047 pii
351 956 512 1045 fugientes
527 954 621 1020 turba
640 952 720 1020 vidit
735 953 867 1044 populi,

128 1071 358 1138 Praecurrentlo
376 1069 540 1137 festinavit
558 1071 732 1161 praevenire
748 1069 902 1160 pavidos,

128 1174 175 1239 Ac
193 1172 333 1239 mulcere
351 1196 408 1239 cor
424 1171 590 1238 furentum
607 1169 712 1237 verbis
730 1171 826 1262 coepit
840 1170 983 1237 mitibus.

130 1288 192 1355 Sed
209 1313 273 1355 nou
290 1289 399 1355 valens
415 1288 503 1378 quod
520 1288 646 1355 volebat
661 1289 713 1380 pia
727 1286 817 1381 plebs
831 1287 1006 1379 perficere,

127 1407 214 1471 Loco
231 1405 312 1471 fixos
326 1407 511 1484 retentavit,
530 1405 633 1471 donec
650 1405 770 1472 Christi
784 1403 926 1470 lamulus

127 1519 336 1585 Marcellinus
353 1519 518 1586 obtulisset
534 1518 704 1586 salutarem
720 1520 870 1586 hostiam.

127 1637 208 1701 Nam
226 1637 258 1700 in
277 1659 392 1726 specu,
410 1660 474 1726 quo
489 1635 599 1703 lutura
615 1634 800 1726 sperabatur
815 1638 939 1727 passio,

127 1753 251 1839 Martyr
269 1751 389 1818 Christi
406 1751 578 1818 celebravit
594 1752 763 1817 missarum
779 1748 953 1832 solemnia,

129 1867 211 1957 Quis
227 1866 410 1955 eompletis,
426 1867 647 1935 abscesserunt
661 1890 744 1957 quos
761 1866 849 1933 abire
860 1869 1010 1956 jusserat.

173 1992 226 2050 ta.
252 1984 338 2047 Tum
355 1984 500 2049 conversi
517 1982 725 2049 Marcellinus
741 1993 836 2072 atqua
852 1984 967 2049 Petrus
982 1998 1157 2071 martyres,

128 2097 232 2163 Ambo
250 2095 344 2163 simul
360 2096 559 2187 perfidorum
577 2096 788 2187 alloquuntur
803 2099 977 2188 populum,

127 2215 232 2303 Atque
249 2211 304 2278 tali
321 2210 516 2279 furibundos
529 2209 766 2303 compellabant
781 2212 901 2278 lamine
918 2240 925 2278 :

130 2332 202 2395 «En
220 2328 357 2409 vidistis,
374 2329 464 2421 quod
482 2331 515 2395 in
533 2345 641 2396 nostra
658 2328 780 2397 ditione
794 2329 917 2412 suerat,

128 2446 171 2511 Ut
183 2470 240 2511 vos
255 2444 370 2526 modo,
388 2469 453 2535 quo
471 2443 640 2524 vellemus,
658 2443 837 2510 valeremus
853 2443 987 2525 laedere,

127 2564 166 2627 Et
182 2586 264 2652 quos
278 2564 403 2628 vinctos
419 2560 591 2642 tenebatis,
608 2562 640 2626 vi
658 2575 783 2650 ereptos
799 2559 922 2628 tollere.

128 2678 189 2744 Sed
205 2679 267 2743 hoc
286 2676 370 2743 nolle
386 2677 569 2744 Christiana
582 2676 660 2743 lecit
673 2678 843 2767 patientia,

128 2794 235 2884 Quam
253 2818 384 2861 suorum
402 2792 572 2860 inserendo
588 2791 635 2886 (ι)
648 2792 846 2860 famulorum
860 2796 1025 2877 sensibus,

128 2912 193 2977 Suo
210 2912 301 2977 mites
317 2936 354 2977 ac
371 2909 530 2977 modestos
545 2910 691 2978 Christus
706 2910 784 2978 lacit
801 2936 946 2979 munere.

127 3029 166 3092 Et
182 3051 268 3093 nunc
284 3027 414 3118 quidem
431 3050 506 3109 nos,
524 3052 659 3119 superna
677 3027 872 3118 suffragante
891 3031 1011 3118 gratia,

128 3141 211 3205 Hinc
228 3141 315 3207 abire
330 3159 530 3234 poteramus,
548 3145 574 3208 si
589 3144 651 3210 hoc
669 3142 768 3210 lerret
785 3145 922 3211 animus.

128 3256 193 3320 Vos
208 3272 337 3323 econtra
356 3260 404 3346 (2)
417 3259 495 3349 quid
512 3261 653 3351 possitis,
672 3260 800 3328 tandem
816 3261 921 3353 palam
935 3262 1079 3331 dicitei'u

127 3374 212 3437 Tum
230 3371 413 3440 frendentes
428 3399 466 3440 ac
482 3374 653 3442 frementes
672 3376 796 3443 Satanae
814 3376 978 3462 satellites,

126 3490 235 3554 Primo
254 3490 378 3579 ipsum,
396 3514 491 3580 quem
508 3491 693 3574 trahebant,
713 3491 875 3561 trucidant
893 3493 1114 3578 Arthemium,

127 3607 209 3670 Ense
228 3605 310 3671 duro
325 3605 476 3673 lerientes
490 3607 667 3674 effecerunt
686 3624 870 3699 martyrem.

126 3721 228 3808 Cujus
244 3723 314 3787 neci
331 3723 571 3812 conjunxerunt
589 3725 762 3813 conjugem
779 3749 817 3792 ac
833 3725 952 3808 liliam,

127 3838 235 3925 Quas,
255 3861 312 3929 per
328 3853 444 3929 cryptae
460 3836 608 3905 liminare
624 3863 763 3931 preceps
779 3839 887 3922 datas,
905 3840 1048 3906 obruunt

159 4069 199 4140 (t)
219 4069 292 4124 Edit.
306 4070 460 4141 inserendo.

160 4167 198 4233 (a)
216 4166 448 4233 Siccode13editi
466 4169 522 4222 Vos
535 4177 646 4230 comm,-
661 4167 722 4235 sed,
734 4168 832 4223 omissa
845 4167 945 4240 syllaba
961 4188 987 4237 e,
1002 4186 1093 4225 versus
1106 4170 1166 4226 clau

128 4262 209 4315 dicat.
