3090 5302
588 470 786 535 irruantx
809 471 939 537 PRIOR.
1243 473 1302 532 153

231 593 395 686 Pippino,
414 594 548 683 regique
569 594 911 686 magnificentissimo,
932 592 991 659 Ille
1004 589 1139 658 humilis
1153 589 1303 656 servulus

231 727 264 776 et
291 708 466 777 clientulus
500 723 622 790 vester,
649 726 823 802 oratorque
852 711 1041 803 peremnia
1063 706 1212 782 sedulus.
1243 732 1303 800 per

232 828 319 894 hano
339 825 528 918 epistolam,
546 843 683 895 vestram
701 828 960 920 magnitudinem
981 829 1015 894 in
1029 828 1173 894 Domino
1190 825 1302 894 dorni-

231 966 353 1009 norum
384 958 479 1034 opto,
508 958 541 1009 et
572 945 666 1011 mitto
692 947 920 1037 sempiternam
946 942 1095 1012 salutem.
1116 942 1304 1016 -Gratias

232 1060 343 1149 itaque
365 1081 428 1148 ago
454 1058 671 1150 omnipotenti
687 1061 770 1127 Deo.
789 1061 924 1127 Summa
939 1083 1015 1126 eum
1038 1057 1249 1150 prosperitate
1268 1057 1303 1127 in

232 1176 366 1242 servitio
397 1173 525 1241 domini
552 1177 615 1242 mei
638 1177 790 1267 perveni,
820 1192 1035 1268 receptusque
1063 1173 1105 1241 ab
1133 1196 1172 1240 eo
1209 1171 1304 1239 solite

231 1290 454 1380 benignitate,
481 1289 570 1358 illius
589 1293 624 1359 in
644 1294 814 1384 presentia
834 1296 995 1385 gratiosus
1020 1293 1173 1360 consisto.
1198 1289 1305 1357 Multa

232 1429 377 1496 namque
395 1405 568 1475 abeodem
585 1408 730 1499 piissimo
750 1433 826 1500 rege
847 1409 1003 1477 melliflua
1023 1407 1120 1476 verba
1132 1406 1173 1474 de
1191 1406 1304 1473 restris

233 1523 383 1616 partibus
398 1524 573 1615 inquisitus
582 1525 645 1592 fui.
660 1525 724 1593 Sed
736 1528 770 1594 in
784 1529 910 1595 eunetis
925 1525 1211 1619 exquisitionibus,
1226 1525 1304 1615 qui·

233 1640 362 1730 busque
389 1639 529 1707 libenter
551 1640 659 1708 audiri
685 1643 808 1725 merui,
834 1643 954 1710 talibus
984 1643 1190 1733 omnipotens
1222 1638 1305 1705 mihi

233 1758 432 1824 ministravit
447 1760 622 1850 responsis,
640 1758 729 1851 quod
742 1761 887 1827 animum
899 1759 1000 1841 illius,
1017 1759 1107 1826 velut
1117 1758 1305 1831 suavissima

233 1872 379 1941 melodia
396 1875 458 1961 (1),
476 1898 574 1942 saerae
594 1875 809 1965 jucunditatis
822 1877 944 1968 gaudio
960 1878 1158 1966 inrigarunt.
1175 1875 1215 1940 Et
1230 1871 1304 1940 ideo

234 1992 413 2059 ineffabilis
425 1991 515 2060 illius
530 1992 701 2062 elementia
717 2018 794 2086 erga
809 1995 1033 2063 excellentiam
1049 2008 1206 2072 vestram,
1222 1992 1307 2059 siout

234 2107 377 2199 dignum
395 2122 459 2191 est,
477 2111 633 2201 optimam
647 2109 745 2178 habet
760 2110 973 2179 voluntatem.
988 2109 1099 2201 Quam
1113 2129 1203 2188 vero,
1217 2103 1304 2196 [per]

236 2227 350 2292 omnia
369 2250 441 2317 qum
459 2225 546 2293 diota
568 2242 662 2309 sunt,
678 2226 734 2294 ille
748 2227 895 2294 servulus
912 2242 1017 2294 vester
1030 2227 1103 2292 riva
1119 2245 1199 2290 voce
1216 2218 1309 2286 vobis

236 2356 344 2434 potest
359 2365 504 2409 narrare.
528 2344 677 2410 Fuerunt
696 2342 863 2434 quondam
880 2358 913 2410 et
925 2366 1031 2435 pares,
1047 2364 1131 2433 quos
1142 2355 1175 2407 et
1186 2337 1309 2405 amieos

237 2458 360 2526 habere
374 2458 539 2551 putabam,
550 2474 679 2550 pectore
695 2484 871 2541 venenoso,
885 2473 1053 2527 currentes
1069 2472 1242 2547 antequem
1260 2477 1310 2518 ve-

239 2576 372 2656 nissem,
391 2599 495 2642 meam
515 2577 623 2643 eonati
645 2590 719 2643 sunt
735 2598 887 2642 accusare
903 2575 1079 2641 miseriam.
1098 2568 1161 2639 Sed
1181 2568 1235 2635 ille
1251 2568 1308 2657 qui

240 2705 436 2757 cunctorum
449 2692 541 2757 novit
555 2690 699 2771 occulta,
719 2691 870 2756 misertus
882 2704 929 2756 est
942 2687 1067 2755 famulo
1088 2710 1160 2767 suo,
1180 2705 1310 2751 eorum-

239 2831 304 2898 que
321 2807 583 2873 machinamenta
607 2807 711 2896 magis
729 2806 844 2895 juvare
872 2816 1040 2896 eoeperunt
1055 2822 1154 2891 quam
1175 2792 1309 2886 aliquod

241 2922 355 2989 dolum
380 2936 541 3013 parerent.
568 2921 696 2988 Cuncta
722 2924 816 3000 vero,
841 2943 913 3010 quae
939 2916 1075 2984 latenter
1102 2909 1308 2986 mentiendo,

242 3036 283 3103 ad
300 3058 395 3103 eures
410 3035 581 3127 preclaras
600 3036 662 3102 nisi
679 3050 754 3102 sunt
771 3059 923 3102 accusare
927 3081 1158 3100 .......
1185 3026 1312 3095 eunctis

242 3151 552 3245 principibus,idem
564 3154 631 3244 ipse
644 3152 911 3220 clementissimus
924 3176 980 3219 rex
992 3152 1086 3232 mibi,
1096 3147 1220 3215 lamule
1237 3169 1310 3224 suo,

243 3271 396 3361 dignatus
408 3286 454 3336 est
466 3269 641 3337 clementer
654 3294 798 3350 narrare,
809 3269 897 3360 quod
913 3285 945 3336 et
958 3270 1026 3337 baee
1038 3268 1147 3335 omnia
1161 3263 1314 3358 praelatus

243 3388 296 3455 ille
322 3389 435 3455 vestris
459 3388 493 3453 in
521 3387 655 3454 auribus
676 3385 868 3479 prudentius
895 3401 997 3478 potest
1025 3385 1157 3452 referre.
1184 3381 1313 3449 Habere

244 3522 352 3574 autem
369 3504 461 3571 illum
476 3528 576 3570 unum
591 3529 629 3571 ex
646 3506 729 3571 veris
742 3505 854 3571 amieis
868 3518 900 3570 et
916 3503 1045 3570 fidelem
1062 3500 1225 3569 servulum
1245 3523 1311 3564 non

245 3622 409 3703 dubitetis,
418 3622 488 3712 qui,
503 3622 535 3686 in
549 3635 707 3711 quantum
721 3645 811 3687 mens
824 3619 912 3687 illius
923 3619 1105 3712 prevaluit,
1116 3618 1155 3686 de
1166 3616 1312 3711 proiectu

246 3755 348 3806 vestro
356 3754 388 3805 et
398 3738 502 3829 gloria
512 3762 621 3804 eoram
632 3737 766 3804 domino
778 3737 1032 3804 nostroviriliter
1042 3752 1164 3804 certare
1174 3732 1310 3801 studuit.

247 3854 301 3921 llle
316 3869 437 3933 noster,
454 3876 565 3944 quern,
580 3867 616 3918 ut
626 3856 766 3920 animam
780 3878 898 3936 meam,
912 3856 946 3921 in
960 3869 1063 3922 vestro
1075 3856 1124 3940 (α)
1136 3849 1311 3940 diligebam

416 4037 576 4045 --——
588 4038 715 4045 ---—-
724 4040 1005 4048 ---—--·—-------.—---.⁸
1016 4039 1088 4047 .-.--
1103 4035 1311 4044 .-.,--.·---

282 4149 318 4215 (ι)
332 4145 402 4200 Cod.
415 4143 534 4197 melodia
543 4144 583 4197 ad
596 4149 670 4198 sacri
676 4147 698 4216 j.

284 4227 320 4298 (α)
334 4226 405 4281 Cod.
420 4236 450 4279 ut
459 4230 553 4281 anima
565 4247 625 4280 mea
636 4230 665 4280 in
680 4237 785 4282 vestra.
