3166 5280
253 418 294 478 86
576 411 770 473 ElNHARDl
792 408 998 473 EPlSTOLAE.

252 536 319 626 his,
329 561 413 638 quae
424 533 530 635 [illic]
539 549 711 634 aguntur,
724 531 847 608 audire
857 530 1022 608 delectat.
1033 533 1319 636 lleteet(1)oe-

253 653 338 726 teria
351 651 475 725 amicis
484 651 593 738 meis,
609 651 637 722 si
649 666 684 724 te
693 665 844 748 excepto
855 649 983 751 aliquis
991 650 1176 741 remansit,
1191 678 1317 753 magna

251 788 305 847 est
319 769 408 844 mihi
423 795 507 843 cura
522 795 740 869 cognoscere
755 767 818 842 ubi
839 768 935 861 sitis,
949 767 1085 870 etquid
1097 770 1224 872 agatis.
1239 769 1320 846 ldeo

251 889 391 962 caritati
407 904 479 961 tuae
489 884 551 960 has
562 887 699 959 litteras
713 887 858 961 mittere
869 886 1006 976 curavi,
1018 900 1320 963 uttecommoue·

250 1002 670 1081 laceremscriberemihi
680 1004 789 1078 dehis
799 1019 1197 1108 quaeagunmrergate,
1209 1003 1319 1094 idest,

250 1124 348 1224 quali
362 1123 476 1197 uteris
485 1119 694 1205 valitudine,
703 1137 740 1197 et
751 1121 849 1221 [ubi]
864 1122 921 1196 vel
932 1122 1078 1223 quando
1087 1122 1323 1223 evenirepoa·

250 1241 360 1330 silut,
372 1240 447 1313 vita
455 1239 603 1329 comite,
614 1238 659 1312 ad
667 1239 823 1312 invicem
831 1239 1098 1314 nosvideamua.
1111 1240 1324 1341 Saepeenim

250 1378 287 1434 te
303 1359 439 1446 videre,
452 1385 493 1432 ac
506 1373 627 1433 tecum
640 1356 741 1460 loqui
753 1357 947 1432 desideravi
964 1387 973 1431 ε
988 1357 1049 1432 sed
1060 1383 1327 1460 numquamar·

249 1479 394 1553 dentius
407 1504 516 1580 φιαιῐι
533 1478 658 1565 modo,
672 1480 758 1578 quia
774 1502 974 1578 numquam
986 1474 1076 1550 mihi
1088 1478 1206 1576 major
1219 1477 1325 1550 iucu-

249 1595 332 1669 buit
345 1596 533 1670 necessitas
546 1610 588 1668 ut
599 1595 643 1669 de
656 1593 790 1695 agenda
804 1594 878 1666 vita
892 1620 976 1667 cum
989 1594 1106 1667 amico
1117 1592 1325 1669 confertum

249 1731 358 1817 atque
366 1728 571 1801 tractarem,
579 1711 767 1812 quodcum
777 1712 923 1785 nemine
930 1709 1103 1785 libentius
1111 1708 1324 1811 facioquam

250 1847 385 1918 tecum,
404 1829 504 1929 quod
524 1829 563 1900 in
581 1825 716 1900 nullius
733 1823 804 1901 fide
819 1829 993 1921 majorem
1007 1823 1121 1899 liabeo
1137 1824 1324 1899 fiduciam.

249 1946 332 2020 Misi
343 1970 408 2044 per
418 1942 516 2017 hunc
524 1968 680 2043 puerum
693 1941 831 2015 litteras
841 1942 896 2040 (a)
907 1940 952 2014 ad
960 1940 1007 2014 N.
1016 1938 1199 2032 abbatem,
1214 1967 1327 2044 φιοιιι

251 2087 356 2163 rogo,
376 2062 403 2134 si
423 2062 475 2134 ire
494 2060 668 2160 potuerit,
685 2085 749 2158 per
761 2059 919 2160 aliquem
935 2075 1085 2133 tuorum
1097 2084 1213 2161 usque
1227 2058 1273 2134 ad
1284 2058 1327 2133 il·

251 2180 328 2253 lum
345 2177 471 2254 deduci
489 2178 617 2268 facias,
636 2194 717 2265 aut,
735 2178 763 2251 si
779 2177 892 2266 forte,
912 2193 1063 2278 propter
1077 2176 1327 2254 lassitudinem

246 2301 517 2397 jumentorum,
535 2309 576 2367 ut
593 2295 736 2369 evenire
750 2295 806 2392 (3)
822 2294 932 2385 solet,
949 2295 1091 2396 longius
1103 2297 1156 2369 ire
1171 2320 1250 2371 nou
1263 2321 1329 2397 po·

253 2415 360 2502 terit,
383 2439 515 2514 precor
528 2427 571 2486 ut
592 2412 749 2500 litteras,
765 2437 853 2512 quas
869 2411 1022 2488 Folconi
1037 2411 1168 2502 mitto,
1185 2410 1269 2513 [ab]
1282 2438 1328 2491 eo
1355 2466 1357 2468 -

252 2532 418 2632 accipias,
433 2531 512 2607 etei
525 2556 592 2633 per
604 2529 761 2632 aliquem
773 2529 918 2631 dirigas,
933 2555 1089 2631 eumque
1099 2529 1325 2630 precerisffl)

253 2667 296 2724 ut
312 2650 401 2724 mihi
419 2647 652 2750 respondeat,
674 2663 783 2750 atque
805 2673 1039 2748 responsum,
1061 2646 1162 2751 quod
1183 2648 1216 2723 ei
1241 2647 1328 2723 dare

253 2768 451 2871 placuerit,
467 2767 536 2842 tibi
560 2767 744 2863 remittat3
763 2782 798 2840 et
820 2784 862 2840 tu
887 2766 931 2840 ad
956 2792 1035 2855 me,
1061 2792 1146 2839 cum
1163 2767 1327 2867 primum

255 2886 427 2961 idoneum
446 2885 666 2985 perlatorem
684 2885 880 2972 inveneris,
899 2885 1016 2984 ipsum
1029 2908 1249 2984 responsum
1270 2883 1328 2957 la·

256 3005 324 3075 cias
340 3009 543 3103 pervenire.
559 3003 656 3103 Opto
670 3018 724 3090 te,
742 3003 944 3075 amicorum
958 3001 1222 3091 amantissime,
1237 3028 1328 3078 sem·

255 3146 320 3217 per
334 3119 371 3190 in
386 3117 531 3191 Christo
542 3117 636 3193 bene
650 3118 788 3206 valere,
803 3134 841 3192 et
856 3119 927 3192 mei
942 3143 1141 3194 memorem
1161 3145 1250 3194 esse.

527 3349 667 3411 XLVlll.
689 3352 742 3411 ΔΙ)
763 3351 800 3411 Ν.
824 3350 1056 3413 ΕΡΙὸΟΟΡΰΜ.

306 3510 464 3584 Domino
483 3525 608 3584 sancto
622 3524 658 3583 et
672 3509 805 3585 merito
818 3508 1012 3585 venerabili
1032 3510 1096 3600 N„
1112 3512 1328 3587 reverentis-

256 3632 348 3704 simo
363 3626 584 3729 [episcopo],
599 3625 800 3699 Einhanlus
809 3643 988 3729 peccator.
998 3629 1126 3703 —lste
1136 3629 1328 3731 presbyter

290 3923 330 3994 (ι)
348 3918 423 3975 Edit.
440 3917 484 3973 De
496 3919 614 3972 caetert's.

291 4012 332 4081 (a)
349 4008 420 4066 Cod.
436 4011 552 4063 interae.

292 4097 331 4169 (3)
349 4097 420 4156 eod.
434 4096 542 4153 caedit.
557 4099 662 4152 venire.

293 4190 331 4259 (i)
350 4187 418 4246 cod.
435 4207 571 4260 preceres.
