3090 5302
244 516 303 574 tto
531 513 580 571 lu
604 510 797 572 Ettritum
820 508 1022 573 EPISTOLAS

243 651 310 702 tum
328 633 370 701 ad
386 636 452 702 voti
467 647 589 726 spectat
603 634 856 726 impatientiam,
872 647 1036 700 maturum
1053 645 1159 699 tamen
1178 646 1313 724 propter

241 750 328 818 illius
339 751 472 840 justitiae
481 749 623 843 pondus,
635 753 704 818 sine
715 750 817 820 dubio
828 748 1174 843 prestolari.0bsecro
1188 763 1311 830 sutm,

240 867 336 957 legite
352 868 428 934 libri
450 871 553 937 sancti
577 869 753 959 Augustini
772 868 827 934 De
845 873 978 936 civitate
996 868 1065 934 Dei
1080 893 1155 948 xrs,
1177 867 1312 936 titulum

238 1013 339 1069 xxru,
359 1004 391 1058 et
408 989 515 1058 videte
532 993 559 1059 si
576 1014 642 1060 non
658 993 793 1084 hisque
805 993 919 1085 scripsi
931 993 1022 1084 paria
1033 990 1075 1060 de
1091 989 1207 1059 eadem
1225 990 1312 1059 osla-

239 1107 349 1175 mitate
372 1109 421 1176 vir
435 1106 489 1176 ille
506 1107 610 1176 divini
626 1108 751 1200 ingenii
768 1110 921 1192 senserit,
941 1130 1013 1200 qua
1026 1106 1123 1200 plane
1140 1128 1310 1199 nunquam

238 1241 312 1292 unte
328 1223 488 1316 legeram,
508 1226 563 1293 sed
582 1249 657 1294 cum
675 1241 785 1313 postca
807 1250 845 1294 ea
860 1226 1111 1319 percurrissem,
1129 1222 1310 1291 admodum

237 1339 372 1408 miratus
391 1362 462 1408 sum
477 1366 550 1410 mea
565 1353 630 1409 tam
648 1341 767 1410 similia
783 1366 879 1411 sensu
892 1342 1011 1424 luisse,
1031 1356 1068 1410 ut
1084 1340 1126 1409 ab
1142 1340 1196 1409 lais
1216 1341 1310 1409 colo·

238 1478 306 1521 rem
324 1457 455 1524 traxisse
479 1457 607 1549 penitus
629 1455 829 1525 viderentur.
852 1458 1013 1526 Ceterum
1035 1457 1251 1551 profectionis
1275 1459 1309 1524 iu

236 1573 394 1663 patriam,
412 1598 450 1641 ac
467 1598 525 1666 pcr
538 1575 602 1641 hoc
616 1572 657 1640 ad
674 1598 748 1655 vos,
765 1588 892 1667 tempus
907 1574 1111 1666 aliquantum
1127 1571 1310 1666 producere

237 1704 370 1758 coactus
385 1712 469 1758 sum.
487 1691 635 1783 Namque
651 1691 831 1758 venerabili
845 1694 917 1758 riro
934 1678 1154 1759 Marcnuardo
1171 1693 1236 1778 (r),
1251 1710 1310 1782 par

236 1828 331 1897 quem
346 1830 417 1876 mea
433 1809 574 1877 reversio
588 1808 849 1877 administranda
860 1823 924 1890 est,
943 1831 1018 1877 cum
1033 1810 1069 1876 in
1082 1807 1212 1877 Italiam
1224 1806 1310 1899 lega·

236 1937 288 1988 tus
303 1924 497 2008 mitteretur,
513 1950 550 1994 ac
565 1949 618 1993 me
635 1926 725 2017 prius
740 1925 781 1992 ad
797 1948 892 1993 suum
905 1924 1108 2018 colloquium
1122 1937 1161 1992 ut
1176 1924 1308 1992 amicis·

236 2038 353 2106 simum
365 2042 580 2124 evocavisset,
595 2042 677 2109 mihi
689 2042 897 2110 consuluerat
908 2056 946 2110 ut
956 2043 1053 2125 hinc,
1066 2041 1120 2110 die
1128 2064 1194 2134 qua
1206 2040 1309 2133 signi·

238 2152 411 2223 licareram
449 2155 542 2225 volsis
583 2157 752 2240 recedens,
788 2159 990 2228 sanctitatem
1026 2172 1165 2226 vestram
1198 2169 1309 2249 petere

238 2268 433 2340 debuissem.
462 2273 585 2341 Verum
615 2273 749 2341 illustris
773 2275 873 2342 abbas
905 2274 1079 2342 Hrabanus
1095 2271 1306 2367 postmodnm

236 2410 399 2479 regressus
410 2413 430 2456 a
443 2389 564 2484 palatio
580 2390 678 2473 loret,
687 2415 802 2474 necne,
811 2416 870 2484 per
881 2390 914 2458 id
928 2391 1083 2482 temporis
1092 2388 1309 2481 isticpropter

237 2502 433 2595 legationem
445 2508 507 2576 sibi
519 2510 745 2589 commissam,
761 2507 803 2574 ad
820 2506 983 2599 liquidum
996 2509 1079 2575 scire
1093 2526 1161 2573 non
1176 2503 1305 2597 potuit3

237 2634 333 2711 atque
348 2622 391 2689 ob
407 2647 477 2690 eam
494 2649 563 2691 rem
580 2625 728 2692 hortatus
742 2640 790 2692 est
806 2640 843 2692 ut
858 2624 999 2693 reditum
1013 2647 1123 2692 meum
1141 2621 1184 2690 ad
1202 2643 1307 2690 nonas

235 2732 657 2831 Juniidifferrem,quando
669 2740 856 2807 solemnitas
868 2737 1138 2807 sanctiBonilacii
1150 2762 1184 2805 se
1196 2738 1306 2805 aben

237 2853 371 2920 minime
387 2855 524 2940 sineret,
540 2858 604 2923 nisi
614 2856 700 2924 lorte
714 2858 776 2948 ipsi
790 2878 922 2948 quoque
938 2854 1116 2948 imperialis
1126 2855 1304 2945 jussionis,

235 2982 267 3033 et
284 2991 321 3035 ea
333 2992 431 3060 qnam
444 2972 645 3062 gravissima,
659 2970 887 3063 praejudicaret
897 2972 1084 3038 auctoritas.
1096 2971 1305 3062 luponem

236 3106 328 3150 suam
353 3100 426 3176 post
449 3090 683 3177 regressionem
710 3087 949 3156 Murcuuardus
966 3110 1006 3154 ex
1033 3110 1085 3155 me
1108 3090 1303 3180 maon,

234 3199 367 3291 quando
380 3205 582 3293 potissimum
599 3207 717 3272 reverti
730 3205 868 3287 sallem,
887 3206 1042 3287 misisset,
1057 3218 1247 3273 memoratae
1257 3206 1303 3272 rei

234 3339 344 3400 causa,
358 3339 459 3408 equos
476 3319 541 3387 huc
554 3319 768 3388 adducendos
781 3335 818 3388 ut
834 3321 939 3412 pridie
954 3343 1059 3387 nonas
1068 3320 1159 3387 lunii
1173 3334 1304 3387 curaret

234 3434 329 3522 petii3
342 3456 422 3524 quo,
433 3435 562 3504 Christo
579 3439 734 3529 propitio,
746 3462 805 3504 vrn
821 3438 869 3505 id.
884 3437 1031 3527 ejusdem
1047 3436 1168 3504 mensis
1183 3438 1247 3503 iter
1261 3433 1303 3502 asl

233 3574 290 3618 ros
302 3574 428 3644 possem
444 3556 599 3646 arripere.
615 3555 716 3647 Quod
731 3556 804 3637 ille,
825 3557 851 3622 si
868 3557 935 3622 rita
950 3576 1058 3623 comes
1068 3553 1188 3636 luerit,
1200 3552 1302 3621 intlu-

233 3665 373 3737 bitanter
384 3670 543 3764 implebit.
557 3670 672 3763 Quare
687 3687 813 3739 certum
831 3669 918 3739 diem
930 3669 1083 3762 quidem,
1098 3694 1169 3762 quo
1184 3668 1229 3737 ad
1243 3690 1303 3736 vos

232 3800 388 3854 venturus
405 3788 484 3870 sim,
509 3790 690 3880 exprimere
713 3811 779 3855 non
796 3786 918 3869 audeo,
936 3785 993 3854 sed
1016 3787 1102 3853 intra
1117 3784 1301 3853 hebdoma-

232 3900 321 3983 dam,
338 3926 411 3994 que
427 3926 530 3972 nonas
541 3905 631 3972 lunii
646 3906 790 3996 ceperit,
806 3906 942 3972 omuino
954 3926 1007 3973 me
1018 3917 1208 3985 venturam,
1230 3904 1301 3971 uso

232 4018 371 4101 volente,
386 4021 559 4090 confirmo.
572 4023 678 4113 Atque
686 4023 811 4090 utinam
824 4034 1032 4089 exoneratum
1046 4020 1137 4088 omni
1146 4036 1299 4089 curarum

263 4300 272 4369 (
279 4300 302 4369 ι)
315 4299 467 4356 llarcward
478 4302 547 4359 abbo'
560 4302 598 4358 du
613 4304 767 4360 monestere
777 4302 812 4359 ‹lc
824 4302 920 4359 Prum.
936 4300 1008 4373 voy.
1021 4320 1068 4357 sur
1079 4310 1151 4359 salte
1162 4298 1293 4376 leptim.

230 4392 362 4468 Thegan,
379 4414 434 4452 aru.
