3166 5280
252 461 309 522 186
470 454 653 516 HISTORIA
675 453 994 528 TRANSLATlONlS,
1018 478 1081 522 arc.

249 580 402 653 curavit.
425 579 515 672 Quae
538 605 620 651 cum
648 578 826 653 llatleicus
849 580 1065 683 presbytero
1088 607 1210 656 secum
1229 612 1298 685 per-

250 698 347 798 genti
372 698 607 796 exposuisset,
631 697 747 769 visum
761 713 814 771 est
834 696 1012 772 ambobus
1028 714 1073 770 ut
1089 700 1301 801 experimen-

252 833 329 888 tum
336 816 502 889 somnies
512 815 662 887 veritate
676 815 858 913 promissae
871 816 1034 889 sanitatis
1048 815 1302 916 approbarent:

251 955 333 1003 nam
357 930 480 1004 eadem
505 930 585 1019 die,
608 934 711 1030 juxta
737 931 947 1032 qualitatem
975 931 1159 1019 febrium,
1188 932 1308 1034 quibus

250 1044 413 1120 laborare
427 1061 679 1135 consueverat,
698 1044 904 1120 febricitare
919 1044 1075 1121 debebat
1090 1048 1120 1122 is
1136 1049 1203 1149 qui
1217 1074 1307 1125 som-

252 1163 355 1234 nium
367 1162 517 1238 viderat.
534 1164 584 1236 Et
599 1180 641 1236 ut
657 1190 734 1237 non
747 1190 834 1237 vana
855 1164 994 1255 illusio,
1017 1165 1079 1240 setl
1096 1166 1223 1267 potius
1236 1192 1312 1240 tera

253 1281 423 1357 revelatio
445 1282 552 1357 fuisse
574 1282 843 1371 ostenderetur,
866 1306 985 1384 neque
1009 1282 1071 1357 illa
1090 1282 1177 1371 die,
1204 1308 1316 1385 neque

254 1400 392 1474 caeteris
411 1426 494 1501 quoe
518 1401 615 1474 illam
628 1416 759 1476 secutae
775 1416 874 1491 sunt,
889 1401 1006 1474 ullum
1022 1403 1062 1475 in
1078 1426 1239 1503 corpore
1257 1426 1319 1475 suo

255 1533 505 1591 consuetarum
523 1517 681 1594 febrium
703 1518 814 1592 sensit
834 1518 1022 1591 indicium.
1037 1518 1173 1619 Sicque
1187 1516 1320 1592 famum

254 1648 320 1721 est,
333 1651 375 1706 ut
387 1650 424 1706 et
435 1634 566 1709 visioni
579 1634 786 1726 crederent,
800 1648 837 1707 et
854 1632 963 1707 fidem
978 1631 1123 1708 diaconi
1137 1632 1321 1733 promissis

256 1774 331 1822 uon
352 1747 539 1825 habereut.

302 1869 340 1938 6.
369 1868 482 1968 Igitur
499 1869 651 1943 Romam
674 1868 877 1955 venientes,
891 1870 995 1967 juxta
1017 1865 1204 1940 basilicam
1225 1864 1320 1941 Beati

254 1984 351 2057 Petri
382 1986 553 2086 apostoli,
580 2013 663 2088 quae
687 1987 821 2060 dicitur
848 1984 904 2058 ud
935 1985 1111 2077 Vincula,
1143 1986 1184 2059 in
1212 1984 1321 2061 domo

256 2100 378 2198 ipsius,
394 2128 477 2173 cum
490 2128 567 2203 quo
581 2118 775 2194 venerunt,
786 2102 944 2189 diaconi,
962 2099 1162 2203 hospitium
1176 2124 1321 2200 accepe-

255 2232 363 2306 runt,
382 2237 666 2321 manseruntque
684 2246 767 2292 cum
788 2242 832 2293 eo
854 2244 920 2319 per
942 2217 1083 2318 aliquot
1103 2215 1194 2304 dies,
1212 2242 1321 2317 oppe-

256 2335 389 2409 rientes
412 2340 674 2437 promissorum
703 2340 776 2437 ejus
804 2334 1113 2436 adimpletionem.
1142 2332 1214 2408 Sed
1241 2332 1320 2420 ille,

255 2455 317 2553 qui
335 2482 413 2528 suas
430 2457 708 2558 pollicitationes
723 2456 897 2557 perlicere
914 2479 991 2528 uon
1009 2451 1171 2541 valebat,
1191 2452 1322 2552 ipsum,

254 2571 353 2670 quod
384 2598 460 2647 nou
497 2589 656 2672 poterat,
690 2568 907 2673 quibusdam
938 2562 1327 2670 procrastinationibus

256 2687 437 2786 palliabat.
456 2691 619 2764 Tandem
638 2690 749 2765 locuti
770 2714 854 2760 cum
874 2686 953 2778 illo,
974 2685 1110 2757 eureis
1132 2682 1200 2758 illo
1221 2682 1330 2756 mdo

257 2806 364 2881 vellet
384 2808 534 2884 illudere
549 2809 752 2910 percontati
777 2820 881 2893 sunt;
902 2818 1070 2903 rogantes
1092 2800 1216 2889 simul,
1234 2824 1332 2873 nese

256 2924 392 2998 diutius
407 2926 567 3000 fallendo
584 2927 786 3013 detineret,
808 2940 845 2997 et
858 2923 1101 2997 reversionem
1115 2945 1218 2992 suant
1231 2920 1329 2993 ranis

257 3040 387 3138 spebus
422 3041 624 3141 impediret.
650 3043 713 3113 His
738 3041 797 3112 ille
822 3038 971 3124 auditis,
995 3062 1080 3111 cum
1102 3051 1272 3109 cerneret
1294 3060 1330 3107 se

259 3157 463 3255 hujusmodi
478 3159 671 3233 calliditate
685 3160 735 3233 eis
742 3162 816 3258 jam
828 3157 981 3257 amplius
998 3180 1075 3230 nou
1089 3180 1194 3254 posse
1207 3154 1328 3253 impo-

258 3302 362 3363 nere,
380 3277 500 3373 primo
516 3281 699 3353 notarium
720 3304 841 3351 meum
854 3291 995 3351 certum
1007 3274 1095 3348 fecit
1106 3271 1152 3348 de
1165 3270 1328 3375 reliquiis

258 3391 348 3465 mihi
364 3396 566 3492 promissis,
585 3396 685 3495 quod
702 3420 758 3468 eas
778 3392 907 3468 babere
921 3418 999 3467 non
1015 3405 1154 3493 posset,
1170 3414 1215 3463 eo
1227 3384 1328 3491 quod

259 3507 371 3582 frater
389 3536 490 3597 suus,
518 3512 575 3583 cui
603 3526 638 3583 et
661 3511 831 3599 domum,
850 3525 887 3582 et
905 3522 1034 3581 cuncta
1051 3531 1136 3608 quae
1157 3502 1328 3587 habebat,

260 3627 343 3703 inde
359 3626 482 3703 abiens
504 3628 830 3715 commendaverat,
852 3624 1059 3727 negotiandi
1078 3624 1192 3724 gratia
1214 3624 1330 3697 Beue·

259 3763 410 3819 ventum
422 3762 512 3821 esset
527 3746 725 3847 profectus,
740 3772 780 3817 ac
798 3771 834 3817 se
848 3750 990 3844 penitus
1004 3742 1171 3841 ignorare
1181 3736 1330 3841 mando

261 3882 351 3938 esset
374 3890 600 3949 reversurus,
624 3880 660 3937 et
681 3864 764 3964 quia
789 3863 820 3935 ei
849 3862 1019 3962 reliquias
1043 3859 1142 3947 illas,
1176 3858 1272 3931 sicut
1292 3874 1329 3931 et

262 4000 428 4056 caeteram
449 3982 751 4083 suppellectilem,
772 3980 815 4053 ad
840 3976 1053 4053 servandum
1078 3977 1328 4061 commiserat,

265 4126 329 4171 arce
351 4103 504 4175 omniuo
521 4126 557 4174 se
574 4101 665 4174 scire
683 4124 804 4199 posse,
820 4096 965 4201 quidde
985 4096 1039 4168 his
1063 4094 1221 4178 lecisset,
1236 4118 1331 4197 quo·

264 4219 356 4290 triam
373 4248 427 4293 ras
442 4222 478 4291 iu
495 4220 616 4293 eadem
629 4220 739 4292 domo
753 4244 928 4318 nusquam
942 4214 1136 4287 invenisset
1152 4243 1160 4283 :
1175 4210 1332 4312 proinde
