3166 5280
252 455 313 513 tet
483 452 664 513 HISTORIA
685 450 1002 523 Tttattstt'rtotttS,
1024 468 1088 509 mc.

252 597 333 642 cum
359 570 415 641 illa
440 570 549 643 locuti
573 594 716 659 sumus;
743 587 780 643 et
796 596 857 659 ea,
876 595 958 669 quae
979 568 1074 639 eirca
1099 562 1195 636 illam
1210 576 1283 663 gesta

249 688 417 780 fuerunt,
437 689 508 787 ipsa
527 701 694 760 narrante
710 686 912 759 didicimus.

301 1398 361 1469 54.
386 1393 491 1466 Nune
508 1393 595 1465 illud
611 1392 745 1468 referre
761 1393 862 1475 volo,
878 1392 978 1493 quod
995 1394 1070 1491 ipse
1088 1392 1125 1463 in
1142 1388 1201 1464 die
1214 1404 1299 1463 natr-

252 1513 333 1585 litio
355 1511 544 1586 beatorum
564 1514 767 1611 Martyrum
791 1510 982 1610 contigisse
1003 1508 1091 1581 vidi.
1118 1508 1215 1581 Puer
1233 1506 1300 1607 qui·

251 1630 332 1701 dam
349 1628 476 1700 surdus
492 1643 529 1701 et
545 1642 685 1713 mutus,
703 1628 765 1727 qui
783 1642 866 1699 ante
884 1626 1083 1698 triennium
1099 1622 1189 1697 illuc
1202 1646 1301 1697 reuo-

253 1762 326 1832 rat,
340 1759 376 1818 et
390 1745 427 1815 in
441 1742 549 1817 domo
562 1743 719 1817 custodis
732 1743 888 1816 ecclesiae
901 1742 1067 1814 ostiarius
1079 1737 1127 1812 ab
1140 1765 1186 1814 eo
1198 1738 1303 1813 suerat

253 1861 488 1950 constitutus,
514 1859 606 1933 sesto
627 1858 685 1931 die
700 1862 774 1956 jam
792 1856 896 1930 finito
918 1872 955 1930 et
971 1856 1091 1930 officio
1105 1854 1304 1953 vespertino

254 1993 518 2061 consummato,
534 2000 619 2047 cum
630 1978 732 2072 juxto
747 1975 879 2047 ostium
892 1972 1042 2061 sederet,
1060 1986 1214 2072 repente
1229 1996 1305 2045 cou-

254 2118 401 2191 surgens
418 2091 598 2164 basilicam
615 2093 777 2179 intravit,
803 2108 839 2165 et
854 2119 873 2164 a
888 2092 1022 2165 dextris
1038 2089 1163 2163 altaris
1178 2114 1304 2190 pronus

255 2208 406 2282 corruit.
421 2207 582 2305 Cumque
597 2231 681 2278 enm
697 2206 866 2292 aedituus,
882 2207 944 2306 qui
960 2202 1219 2279 carrdelabrum
1232 2228 1305 2277 cum

254 2348 359 2397 cereo
380 2339 462 2395 ante
482 2321 593 2394 altare
618 2319 792 2420 ponebat,
820 2320 869 2392 ibi
890 2324 1069 2421 jacentem
1094 2320 1303 2405 invenisset,

254 2441 431 2513 continuo
448 2437 536 2509 mihi
562 2435 629 2510 hoc
652 2437 808 2509 indicare
825 2437 976 2509 curavit.
995 2436 1071 2511 Nos
1086 2452 1233 2523 autem,
1250 2434 1304 2535 qui

254 2576 342 2629 tunc
363 2582 433 2627 una
451 2581 608 2639 eramus,
632 2554 811 2627 ecclesiam
831 2552 993 2627 celeriter
1015 2554 1188 2653 ingressi,
1211 2576 1307 2626 eum·

254 2672 356 2760 dem,
376 2674 467 2744 sicut
482 2669 526 2743 ab
544 2670 677 2744 {edituo
694 2685 857 2768 repertus
873 2686 947 2759 est,
969 2671 1149 2769 jacentem
1172 2670 1307 2743 inveni·

254 2816 347 2861 mus.
368 2786 485 2881 Quem
507 2814 588 2860 cum
609 2787 717 2859 levari
735 2786 965 2885 juberemus,
984 2786 1083 2859 velut
1104 2786 1309 2887 gravissimo

255 2934 385 3007 sopore
400 2906 601 3007 depressus,
618 2905 763 2979 excitari
782 2931 856 2979 non
873 2905 1005 3003 potuit.
1022 2902 1187 2979 Tandem
1206 2904 1310 3005 igitur

255 3024 354 3123 quasi
373 3024 542 3122 evigilans
558 3023 670 3095 erexit
686 3048 739 3107 se,
756 3047 977 3123 cernensque
995 3048 1062 3095 nos
1077 3021 1311 3095 circumstan-

258 3156 309 3213 tes
326 3140 503 3225 surrexit,
523 3154 630 3237 atque
649 3136 692 3211 ud
710 3166 770 3214 eos
789 3141 850 3238 qui
868 3166 981 3239 prope
997 3138 1065 3213 sibi
1082 3136 1309 3227 assistebant,

256 3258 366 3331 latine
382 3259 523 3330 locutus
537 3274 601 3329 est.
620 3257 713 3330 Sunt
725 3256 870 3358 quidam
887 3284 928 3331 ex
947 3258 1079 3331 nostris
1090 3258 1154 3359 qui
1172 3256 1308 3341 dicunt,

256 3374 422 3447 eumdem
434 3399 587 3472 puerum
604 3372 679 3447 lere
694 3390 777 3447 ante
793 3400 851 3447 sex
870 3399 1025 3460 menses,
1041 3400 1125 3447 cum
1140 3375 1179 3447 in
1198 3376 1311 3473 cujus-

257 3487 340 3560 dam
354 3487 508 3563 bominis
521 3489 635 3560 nostri
649 3490 759 3562 domo
772 3504 883 3562 noctu
899 3488 1106 3573 dormisset,
1121 3488 1200 3565 duo
1212 3514 1311 3588 qute-

258 3606 337 3677 dam
354 3604 462 3679 verba
479 3630 543 3704 per
558 3631 722 3703 soporem
739 3604 846 3678 fuisse
866 3603 1052 3693 locutum,
1072 3622 1109 3677 et
1128 3604 1309 3689 auditum,

258 3747 332 3822 quo
353 3738 497 3794 eatenus
522 3721 645 3794 itidem
667 3736 709 3792 ut
734 3720 873 3821 loquela
896 3720 1059 3807 carebat,
1087 3721 1125 3793 in
1149 3719 1212 3794 illu
1229 3720 1310 3795 bom

257 3839 441 3940 recepisse.
463 3836 568 3929 Quod
588 3838 635 3910 ita
652 3836 787 3909 luctum
812 3838 894 3911 inde
913 3836 1188 3937 conjiciebatur,
1210 3839 1309 3939 qnia,

256 3971 446 4054 postquam
462 3954 505 4026 de
523 3954 585 4026 illo
601 3979 730 4027 somno
749 3970 974 4052 experrectus
990 3970 1062 4043 est,
1083 3970 1216 4029 cuncta
1233 3980 1310 4057 qun

256 4073 287 4143 ei
307 4102 325 4144 a
345 4072 506 4173 quolibet
528 4070 807 4171 imperabantur,
830 4099 870 4143 ac
887 4073 914 4143 si
941 4071 1181 4173 intelligeret,
1200 4074 1309 4147 saone

258 4191 406 4261 curarit.
432 4188 500 4262 Sed
523 4187 589 4261 boe
608 4188 749 4262 videtur
772 4190 807 4259 in
829 4189 892 4261 hae
910 4190 1043 4262 rirtute
1065 4190 1307 4289 praecipuum,
