3090 5302
249 405 310 462 320
474 401 656 461 ltta't'otttt
679 399 999 473 't'ttltt'st..ttt⁰tt'ts,
1022 422 1085 461 ῑτι.

247 524 293 595 sis
311 521 453 621 palatii,
472 522 572 623 quod
589 523 627 593 in
647 537 793 608 monte,
811 523 875 621 qui
892 522 1007 594 cidem
1029 522 1109 593 vico
1129 518 1176 592 ab
1191 524 1307 595 orien-

251 637 312 709 tali
328 651 429 735 parte
443 637 627 723 imminet,
643 636 752 708 sitnm
765 652 818 709 est
827 689 838 723 ,
856 635 981 710 eodem
995 636 1196 711 comitante
1209 650 1307 737 atque

249 753 417 839 ducente,
434 752 613 851 pervenit,
626 749 691 839 ibi,
703 754 802 852 quasi
817 750 988 827 obviante
1004 750 1073 824 ribi
1091 751 1214 825 divina
1231 780 1308 851 gra·

248 871 315 956 tia,
328 868 391 942 diu
402 868 640 943 desideratum
652 869 775 943 lumen
788 870 1043 968 1·ecepit.Tum
1057 870 1195 943 mirans
1208 886 1308 971 atque

248 988 403 1060 attonita
416 986 600 1078 constitit,
615 1011 800 1086 pueroque
810 987 957 1058 ducenti
971 1001 1014 1057 ut
1024 1000 1237 1086 sequeretur
1250 989 1309 1059 im·

247 1105 406 1203 peravit:
427 1105 654 1191 «Hactenus,
675 1104 859 1204 inquiens,
874 1128 949 1206 quo
967 1118 1009 1175 tu
1025 1102 1234 1203 praecedens
1248 1104 1308 1175 du·

248 1222 350 1297 cebas
367 1238 484 1297 secuta
502 1249 595 1310 sum,
619 1221 729 1295 modo
749 1238 869 1295 antem
888 1238 953 1293 tuo
972 1218 1084 1295 ductu
1102 1246 1179 1293 nou
1203 1246 1305 1321 egem

246 1340 330 1439 quia
346 1343 462 1425 viam,
479 1364 549 1439 qna
575 1339 627 1411 ire
645 1337 837 1426 debemus,
859 1336 960 1411 tideo
972 1364 984 1423 ς
1012 1351 1051 1408 et
1073 1334 1173 1409 hunc
1195 1336 1306 1409 uicum

249 1456 286 1527 in
303 1481 379 1556 quo
395 1481 504 1527 sacrae
522 1453 685 1555 reliquiae
702 1470 809 1543 sunt,
827 1451 870 1526 ad
887 1479 975 1553 quas
991 1454 1117 1527 venire
1133 1454 1306 1553 disposui,

247 1570 405 1643 Domino
420 1571 622 1668 adjuvante,
636 1570 833 1669 conspicio.
847 1568 906 1639 Tu
916 1565 1150 1641 tantumvidc
1162 1584 1201 1641 et
1213 1594 1307 1651 cum.

246 1703 287 1759 ut
304 1714 362 1761 me
378 1688 545 1761 rectario
563 1686 605 1758 ad
625 1687 828 1761 oratorium
844 1685 1049 1785 Martyrum
1071 1690 1110 1757 in
1132 1686 1213 1785 ipso
1232 1686 1309 1757 rico

245 1800 434 1875 adducas.»
443 1803 632 1890 llisdictis,
640 1804 684 1875 ad
695 1801 896 1874 oratorium
903 1800 1076 1899 perrexit,
1084 1802 1217 1901 gratias
1224 1802 1305 1901 egit,

243 1920 403 2019 factique
424 1920 463 1990 in
485 1943 521 1991 se
539 1917 701 1990 miraculi
723 1915 828 1991 nobis
851 1915 1025 1989 indicium
1044 1914 1152 2004 fecit,
1170 1916 1307 1993 videm-

245 2060 316 2134 quc
332 2049 369 2106 et
384 2034 540 2133 gaudens
556 2032 598 2105 ad
616 2035 761 2133 propria
779 2033 964 2106 remeavit.

290 2752 352 2822 66.
371 2749 588 2823 Aucvilarem
600 2763 731 2821 vocant
749 2747 904 2820 fundum
916 2748 1074 2849 regium,
1088 2744 1136 2820 ab
1146 2746 1301 2849 Aquenn

241 2867 374 2965 palatio
397 2881 554 2967 quatuor
580 2865 761 2967 leugarum
787 2866 904 2967 spatio
928 2864 1146 2954 distantem,
1173 2866 1210 2939 in
1231 2888 1302 2967 quo

240 2985 385 3086 quidam
402 2983 514 3060 homo
535 3000 610 3059 erat
631 2985 771 3058 diutina
789 2983 1075 3085 praeoordiorum
1094 2982 1301 3057 infirmitate

240 3100 407 3175 detentus
418 3115 527 3201 atque
537 3100 721 3188 laborans3
729 3105 876 3202 jamque
886 3128 905 3173 a
916 3102 989 3174 suis
998 3125 1044 3175 eo
1054 3100 1167 3175 modo
1175 3098 1300 3197 ‹tope-

240 3231 356 3311 ratus‚
375 3234 417 3289 ut
434 3244 510 3291 non
527 3218 631 3291 aliter
647 3220 714 3292 nisi
734 3222 893 3295 cauterio
909 3220 1027 3291 curari
1045 3244 1150 3319 poure
1163 3216 1300 3293 videm·

240 3351 314 3407 tur.
338 3336 524 3428 Quaeritur
544 3336 588 3409 ad
610 3336 677 3411 hoc
697 3337 875 3431 modicus,
897 3354 935 3412 et
956 3338 1093 3413 nationi
1114 3364 1193 3413 non
1213 3362 1300 3437 piu-

238 3448 374 3524 futurae
393 3452 466 3525 dies
486 3454 735 3526 constituitur.
757 3456 896 3527 Interea
911 3453 1053 3527 cuidam
1068 3452 1238 3543 semine,
1263 3452 1298 3525 in

239 3564 364 3638 eodem
391 3565 506 3642 fundo
536 3566 734 3656 habitanti,
763 3573 801 3642 in
827 3570 970 3644 somnio
995 3568 1196 3645 revelatum
1224 3586 1298 3659 ert,

238 3706 313 3755 non
330 3679 460 3758 debere
485 3683 587 3756 illum
610 3685 654 3758 ad
674 3712 774 3759 suam
792 3687 1016 3761 curationem
1034 3686 1210 3786 ejusmodi
1226 3710 1298 3759 me·

235 3800 353 3874 delam
365 3800 571 3888 admittere,
588 3830 671 3904 quae
687 3822 724 3878 ct
745 3831 814 3904 pro
829 3807 883 3877 sui
902 3805 1063 3879 molestia
1077 3804 1137 3877 vix
1154 3802 1298 3881 tolerari

235 3932 372 4013 posset,
389 3934 426 3992 et
437 3918 521 4019 quia
537 3946 753 4019 supervacua
767 3937 876 4008 esset,
889 3921 1041 3995 salutem
1056 3920 1211 4021 patienti
1224 3946 1298 3995 non

234 4034 390 4108 afferret.
418 4036 598 4110 Caetcrum
621 4039 649 4110 si
675 4064 780 4111 sanus
805 4038 883 4113 ficri
908 4039 1038 4127 vellet,
1062 4039 1109 4113 ad
1131 4040 1298 4143 Aquense

232 4148 401 4245 palatium
420 4154 508 4242 iret,
537 4156 737 4229 oratorium
760 4174 923 4231 nostrum
945 4157 1169 4258 inquireret,
1189 4159 1298 4261 inque
