3090 5302
244 449 305 509 ssa
472 447 654 510 nrsrours
676 447 996 527 rususasrmrus,
1017 466 1079 511 ns

244 569 409 658 ducente,
429 569 575 668 perlatae
592 587 690 644 sunt.
704 571 781 645 lloc
798 572 940 670 signum
957 570 1066 669 ipsius
1074 566 1221 670 Georgii
1239 596 1295 645 re-

244 685 376 759 latione
394 702 535 760 constat
549 686 638 760 mihi
659 713 732 762 esse
749 701 1001 787 compertum:
1020 686 1064 759 de
1081 688 1223 761 cacteris
1234 714 1296 761 an-

246 818 335 891 tem,
350 829 433 905 quae
452 830 550 878 nuuc
564 803 711 880 dicenda
727 820 830 894 sunt,
847 802 892 876 ab
909 829 954 877 eo
973 799 1138 877 libellum
1159 805 1295 906 accepi,

244 920 343 1017 cujus
369 917 461 994 ordo
488 920 543 995 vel
568 922 674 996 series
703 921 799 995 hunc
832 917 981 996 modum
1005 916 1138 995 habere
1166 946 1298 1022 eogno-

244 1032 369 1105 scitur.

290 1151 351 1223 69.
367 1151 476 1227 Anno
488 1169 620 1253 quarto
633 1152 773 1229 decimo
785 1152 857 1252 (a),
876 1151 1022 1227 Christo
1038 1152 1215 1253 propitio,
1234 1152 1297 1225 im·

240 1264 332 1363 perii
343 1266 543 1342 llludowiei
556 1267 721 1370 Augusti,
732 1268 868 1342 eumad
879 1266 1185 1343 corroborandam
1194 1264 1296 1341 chris

242 1382 329 1455 tiani
352 1384 477 1484 populi
511 1384 640 1475 fidem,
668 1387 761 1460 sicut
784 1385 823 1459 in
849 1384 955 1459 initio
980 1386 1160 1460 nascentis
1185 1384 1296 1461 cccle-

240 1500 324 1588 siae,
353 1502 451 1602 signa
482 1519 518 1577 et
549 1503 712 1603 prodigia
747 1504 785 1577 in
819 1503 896 1602 ipsc
925 1502 1017 1605 regis
1047 1502 1201 1603 palatio,
1233 1528 1295 1603 per

239 1619 366 1692 merita
377 1621 593 1695 Sanctorum
602 1646 764 1710 snorum,
777 1619 1295 1720 Dominusdignareturosten-

238 1734 346 1824 dere,
375 1737 481 1835 petiit
501 1752 537 1812 et
559 1736 722 1812 obtinuit
741 1735 916 1837 Georgius
936 1734 1141 1839 presbyter,
1163 1734 1294 1837 Aquis-

237 1853 339 1950 grani
361 1853 512 1952 palatio,
537 1852 583 1926 ab
599 1852 784 1929 Einhardo
806 1852 957 1944 abbate,
982 1852 1152 1955 reliquias
1171 1850 1292 1929 beato·

240 1994 322 2041 rum
344 1968 477 2043 Christi
499 1988 704 2072 martyrum
725 1971 926 2047 Marcellini
948 1987 985 2047 et
1002 1972 1121 2065 Petri,
1140 1996 1295 2074 quorum

240 2108 392 2183 corpora
413 2085 487 2184 ipse
502 2085 547 2160 de
564 2087 679 2161 Roma
701 2114 765 2187 per
783 2086 946 2163 homines
961 2112 1044 2163 snos
1061 2086 1167 2160 allata
1184 2112 1295 2187 nuper

238 2218 421 2301 occeperat
442 2232 452 2275 s
476 2228 604 2303 easque
630 2205 666 2277 in
690 2230 814 2303 capsa,
840 2230 950 2306 quam
971 2229 1062 2279 auro
1088 2219 1125 2279 et
1148 2203 1295 2307 gemmis

239 2318 407 2393 decenter
424 2336 635 2411 ornaverat,
662 2322 861 2397 reconditas
877 2349 942 2423 per
957 2323 1151 2397 diaconum
1166 2348 1293 2411 suum,
1358 2306 1368 2333 '

238 2438 386 2512 nomine
412 2437 703 2529 Theothardum,
734 2440 778 2513 ad
804 2440 985 2514 basilicam
1009 2440 1048 2513 S.
1073 2438 1183 2514 Salvii
1206 2466 1293 2513 mar·

239 2556 350 2655 tyris,
368 2582 476 2657 quam
495 2558 569 2658 ipse
587 2572 673 2631 tunc
696 2559 867 2656 temporis
885 2583 950 2658 per
967 2554 1185 2633 beneficium
1205 2556 1293 2659 regis

238 2669 400 2762 tenebat,
415 2671 568 2773 dirigere
581 2674 733 2746 curavit.
749 2672 820 2768 Qui
836 2673 1007 2748 diaconus
1023 2697 1107 2745 cum
1117 2670 1165 2745 ad
1175 2670 1292 2745 villam

236 2789 383 2889 regiam,
401 2816 482 2892 quae
498 2788 709 2865 Vuusidium
725 2807 887 2879 vocetur,
902 2790 1070 2878 venisset,
1086 2788 1291 2865 occurritei

235 2903 346 2982 homo
368 2906 601 3008 gibberosus,
627 2924 664 2983 et
683 2935 727 2982 ex
747 2908 911 2981 dentium
930 2905 1057 2982 dolore
1080 2906 1130 2979 ita
1151 2922 1293 2981 vexanu

234 3039 340 3124 atque
358 3024 562 3116 confectus,
588 3039 628 3099 ut
645 3028 720 3125 jam
740 3051 805 3125 per
828 3022 902 3099 dies
920 3022 1130 3126 quindecim
1151 3020 1291 3097 nullum

234 3138 346 3214 alium
372 3143 508 3216 victum
532 3169 642 3245 quam
665 3143 778 3217 solam
800 3168 928 3244 aquam
956 3157 1076 3243 posset
1100 3166 1288 3217 assumere.

236 3257 306 3351 Qui
327 3284 411 3333 cum
429 3257 596 3335 hortante
613 3261 765 3335 diacono
785 3285 907 3334 coram
926 3257 1108 3361 reliqniis,
1126 3284 1222 3361 quas
1236 3256 1291 3333 ille

234 3372 400 3465 ferebat,
431 3402 467 3451 se
493 3377 536 3449 ad
564 3377 740 3451 orandum
768 3390 1005 3477 prostrasset,
1034 3391 1072 3448 et
1096 3374 1290 3451 Dominum

233 3490 434 3585 Christum,
461 3508 503 3566 ut
520 3496 574 3567 sui
592 3494 835 3583 misereretur,
862 3492 992 3569 devote
1014 3518 1056 3565 ac
1083 3492 1291 3593 suppliciter

233 3608 455 3698 invocasset,
477 3637 542 3709 per
560 3611 852 3685 intercessionem
868 3624 1078 3685 sanctorum
1092 3606 1289 3685 Marcellini

232 3742 269 3798 et
286 3727 403 3817 Petri,
419 3744 546 3801 cuncta
564 3728 727 3828 corporis
745 3725 1039 3804 incommoditate
1055 3725 1225 3829 depulsa,
1242 3752 1290 3801 ss·

230 3876 298 3923 nus
317 3849 362 3923 ab
377 3852 541 3928 oratione
560 3852 729 3927 surrexit.
752 3855 900 3927 Factum
919 3868 973 3928 est
992 3852 1062 3927 hoc
1077 3850 1289 3927 miraculum

268 4046 307 4118 (a)
319 4048 373 4103 Ille
393 4050 569 4124 exscriptoris
589 4049 718 4105 mendam
735 4050 877 4124 irrepsisse
898 4046 1081 4117 crediderim,
1101 4060 1147 4121 et,
1167 4060 1238 4109 tene
1255 4048 1286 4105 ll.

234 4136 333 4210 bouq„
348 4139 404 4208 l'l,
419 4138 485 4216 a73,
499 4160 529 4210 c,
548 4140 697 4215 legendum
710 4158 769 4196 esse
781 4160 857 4197 anuo
868 4142 966 4215 quinto
980 4136 1089 4197 deabus
1100 4143 1213 4213 ἰιραι·
1219 4138 1288 4197 lh·

232 4223 348 4291 dowr'cr',·
360 4227 395 4284 de
407 4230 460 4286 hoc
472 4230 571 4287 videsis
582 4242 640 4287 not.
657 4235 690 4299 ll
703 4230 738 4288 ad
748 4230 850 4288 calcem
863 4230 948 4303 hujus
959 4230 1092 4288 historin
