3090 5302
231 449 292 509 326
454 439 638 500 HISTORIA
658 439 975 516 TRANSLATIOMS,
996 458 1062 501 m.

231 589 335 663 mago
351 565 519 649 veniens,
542 560 712 659 palatium
729 560 894 661 Aquente
911 556 1070 659 petebat.
1097 561 1132 632 lt
1151 584 1233 633 tum
1247 564 1280 634 iu

231 695 431 755 memorato
453 677 569 752 fundo
589 677 742 779 quadum
764 693 871 752 nocte
892 679 1103 768 mansisset,
1125 678 1284 779 quaesltit

231 797 276 869 ab
293 796 432 894 hospite
448 820 528 883 suo,
544 796 572 866 si
586 793 721 894 aliquid
734 793 818 867 novi
836 794 881 867 de
896 793 1030 893 palatio
1045 819 1166 895 nuper
1179 794 1286 867 audiu-

231 927 297 985 set.
314 910 380 982 cui
399 908 483 982 ille:
502 907 657 996 «Nihil,
675 909 810 1008 inquit,
830 908 939 984 modo
954 906 1049 1008 apud
1064 908 1203 985 aulient
1220 922 1285 981 un

232 1025 371 1102 celebre
383 1040 455 1114 est,
472 1052 580 1126 quam
599 1026 697 1125 signa
710 1039 747 1099 et
758 1025 908 1099 virtutes
921 1050 1004 1126 quoe
1020 1022 1118 1098 fiunt
1130 1023 1171 1097 iu
1182 1022 1288 1101 domu

232 1142 406 1217 Einhnnll
430 1170 495 1243 per
516 1143 689 1245 quosdam
709 1158 870 1232 sanctos,
893 1168 1051 1244 quorum
1066 1142 1237 1245 reliquias
1252 1142 1286 1215 iu

233 1259 395 1333 oratorio
410 1256 538 1332 domus
552 1284 627 1333 suae
644 1256 773 1332 habere
787 1256 944 1348 dieitur3
963 1258 1009 1331 ad
1020 1282 1178 1359 quarum
1191 1282 1290 1333 veut·

233 1378 412 1452 rationem
421 1403 547 1452 omnes
558 1375 961 1477 vicininottriquotidie
970 1374 1289 1477 festimut,etqui·

237 1516 390 1592 cumque
407 1490 571 1564 infirmus
588 1489 651 1565 illu
666 1489 972 1580 fueritadductut,
988 1488 1089 1565 illitu
1099 1504 1287 1563 curatur.»

234 1650 283 1667 -
299 1607 492 1708 Coepitque
509 1607 542 1681 ei
561 1607 606 1680 de
628 1605 700 1680 filia
720 1607 881 1681 mulieris
901 1606 995 1680 illim
1006 1659 1018 1695 ,
1037 1606 1197 1707 qualiter
1211 1618 1290 1680 aute

237 1749 368 1822 pancos
383 1723 457 1797 dies
472 1723 564 1796 tulvn
580 1722 672 1797 fucta
687 1724 748 1814 sit,
767 1720 1290 1799 intimare-Tumcervw

233 1841 323 1914 dus:
339 1872 357 1913 n
367 1840 485 1932 Vade,
503 1842 573 1931 ait,
591 1856 628 1916 et
644 1840 803 1915 eamdem
818 1842 1007 1917 mulierem
1021 1840 1140 1915 adduc
1156 1839 1203 1915 ud
1217 1866 1288 1927 rue,

234 1972 278 2031 ut
298 1959 371 2057 ipsa
386 1955 475 2029 mihi
497 1958 592 2031 dieat
611 1957 710 2058 quod
722 1959 845 2034 audire
856 1958 1035 2033 desidero.
1050 1988 1070 2031 u
1084 1956 1200 2035 Venit
1213 1984 1291 2033 utu-

237 2071 317 2162 lier,
335 2087 372 2145 et
389 2073 531 2161 omnin,
548 2086 660 2170 prout
674 2086 769 2173 gesta
786 2087 909 2161 erunt,
931 2088 1099 2173 patenter
1112 2072 1289 2175 exposuit.

235 2187 450 2265 Gerwanlus
462 2213 562 2275 vero,
577 2214 660 2259 cum
672 2190 709 2260 in
724 2189 920 2261 crastinum
934 2187 979 2261 ad
990 2214 1114 2291 regem
1125 2188 1289 2279 veniunt,

235 2331 274 2379 eu
287 2330 371 2405 quoe
383 2304 427 2378 de
443 2303 514 2377 hoe
530 2304 633 2404 signo
647 2303 866 2378 revelatione
882 2302 978 2377 illius
991 2302 1141 2379 semina
1152 2330 1292 2407 eompu-

236 2435 334 2495 rertt
344 2472 356 2508 ,
377 2418 492 2494 eidem
510 2419 693 2492 indicavit.
712 2420 789 2492 Rex
806 2433 926 2495 nutem
936 2470 950 2509 ,
974 2444 1059 2493 eum
1074 2444 1146 2521 ego
1164 2446 1291 2497 ttuuu-

236 2536 325 2611 dum
337 2533 633 2610 consuetudinem
645 2534 822 2635 ingressus
833 2559 956 2610 uorum
966 2534 1032 2610 illo
1042 2550 1198 2627 starem,
1207 2534 1292 2640 quid

237 2654 305 2729 sibi
318 2653 532 2730 Gerwnuus
545 2651 589 2727 de
606 2651 675 2726 hoe
690 2652 865 2728 miraculo
880 2652 1080 2744 retulisset,
1094 2669 1173 2729 tum
1184 2652 1289 2749 nihi,

237 2799 344 2874 quam
362 2771 502 2847 caeteris
517 2770 585 2844 sibi
604 2769 820 2861 astantibus,
837 2770 996 2844 divinum
1013 2768 1291 2847 misericordium

238 2906 346 2992 atque
358 2890 558 2990 potentiam
571 2888 780 2964 admirando
792 2888 898 2963 simul
910 2904 1018 2991 atque
1028 2887 1225 2981 luuduudu,
1236 2888 1290 2963 iu-

238 3007 406 3081 sinuavit.
425 3008 485 3080 sic
502 3032 568 3079 nos
588 3008 741 3109 contigit
757 3008 915 3108 siguum,
940 3005 1041 3107 quod
1056 3006 1167 3083 nobit
1188 3008 1291 3109 iguo·

237 3121 401 3194 rantibus
415 3123 452 3195 in
466 3122 576 3198 domo
589 3140 711 3199 nostra
723 3140 863 3224 gestum
876 3138 943 3213 est,
957 3149 1003 3197 ex
1015 3121 1223 3224 hujusmodi
1232 3148 1291 3199 re·

238 3238 373 3315 latione
390 3264 615 3339 cognoecere.
