3166 5280
253 411 313 475 404
536 411 756 475 RHYTHMUS
777 410 829 473 DE
850 410 1027 475 Pass101tu

253 545 345 611 Furti
361 558 471 635 pectus
488 545 613 634 pietatis
628 544 759 637 plenum
776 568 889 635 gerens
905 546 1038 637 spiritu,

253 661 360 727 Pauca
373 660 522 751 quidem,
540 660 594 727 sed
611 685 677 728 non
690 685 809 753 parva,
827 660 924 729 verba
938 676 1051 730 eontra
1069 660 1231 731 reddidit:

256 778 356 844 «Non
373 793 437 858 est,
456 780 580 869 inquit,
599 780 790 846 criminosus
805 804 865 847 nec
881 778 1037 847 dicendus
1054 780 1191 859 noxius,

252 894 341 985 Qui,
361 895 478 961 omisso
494 896 699 985 paganismo,
724 896 853 962 Christo
871 895 968 988 ecepit
987 894 1136 975 eredere,

252 1011 357 1099 Atque
376 1009 423 1077 illi
440 1034 515 1076 sana
531 1026 636 1077 mente
653 1010 856 1079 serviendum
870 1011 1009 1100 judicat.

252 1131 322 1195 Hoc
338 1130 395 1218 qui
409 1127 506 1206 facit,
524 1128 586 1194 Dei
603 1130 719 1195 sumrni
736 1128 822 1195 filius
836 1128 1018 1209 vocabitur,

251 1246 292 1311 Et
308 1269 326 1310 a
343 1246 467 1311 cunctis
483 1261 688 1335 peccatorum
704 1245 870 1313 absolutus
884 1244 1051 1325 sordibus,

253 1365 334 1429 Vere
350 1387 416 1429 esse
432 1361 521 1454 quod
536 1379 681 1446 vocatur,
701 1365 771 1430 Deo
787 1362 903 1445 dante,
923 1364 1051 1431 visitur.
1071 1392 1088 1427 n

251 1480 327 1547 Haec
344 1480 502 1546 dicentem
518 1478 745 1546 Marcellinum
764 1481 901 1573 imperat
916 1480 1088 1547 minaciter

249 1597 356 1665 sevus
370 1596 488 1687 judex,
510 1596 570 1663 sub
588 1596 727 1664 duorum
743 1598 862 1689 pugnis
877 1622 994 1665 caesum
1009 1596 1136 1687 subigi,

248 1716 289 1782 Et
306 1717 339 1781 in
361 1713 488 1795 locum,
507 1715 597 1780 omni
616 1712 688 1780 luce
704 1714 761 1804 qui
779 1729 920 1797 careret,
937 1716 1055 1807 projici
1071 1718 1141 1803 (r);

248 1831 286 1899 In
304 1856 369 1923 quo
386 1833 504 1897 vitrum
521 1854 617 1921 super
633 1831 769 1897 humum
786 1830 863 1898 feeit
877 1829 1018 1900 fractum
1035 1832 1196 1923 spargier,

248 1951 297 2016 Ac
315 1949 451 2040 desuper
466 1962 653 2014 assertorem
666 1950 713 2035 (n)
729 1950 797 2015 veri
814 1948 939 2016 nudum
955 1962 1098 2017 sternere
1111 1950 1181 2038 (3),

250 2066 356 2156 Atque
373 2066 517 2130 vinctum
532 2062 672 2129 volutari
689 2062 754 2129 illis
769 2064 804 2129 in
818 2062 1056 2154 fragminibus,

250 2181 352 2247 Omni
369 2181 454 2245 victu
469 2179 622 2245 abstineri
639 2178 758 2245 Christi
776 2178 895 2267 jubens
911 2176 1089 2260 famulum,

252 2298 313 2379 Ut,
330 2297 381 2363 his
397 2297 501 2387 poenis
518 2310 686 2375 enecatus,
703 2296 848 2361 interiret
863 2318 1017 2387 propere,

251 2415 313 2485 Cui
332 2414 429 2481 fidem
446 2428 637 2504 extorquere
654 2436 686 2479 se
703 2435 768 2479 non
785 2434 877 2503 posse
891 2410 1026 2479 viderat.

297 2541 330 2600 9.
356 2534 443 2597 Tum
460 2528 578 2597 deinde
596 2530 727 2597 Petrum
744 2526 874 2611 ridens,
892 2527 1010 2596 talibus
1023 2528 1226 2621 alloquitur:

255 2677 271 2713 n
285 2647 383 2730 Nolo,
406 2648 530 2738 inquit,
550 2646 731 2726 arbitreris,
750 2646 867 2711 iterum
882 2642 995 2711 eculeo

253 2766 302 2829 Te
319 2760 555 2853 torquendum,
572 2759 623 2827 vel
638 2760 748 2850 ignitis
762 2759 962 2827 exurendum
976 2758 1106 2827 faculis.

253 2880 356 2946 Immo
374 2879 478 2960 noris,
495 2877 585 2969 quod
601 2875 777 2944 nectendus
793 2876 888 2945 nodis
900 2876 1109 2961 fortioribus,

254 2997 424 3087 Stipitique
439 2992 618 3085 applicatus
634 2991 706 3060 luce
721 2992 818 3060 stabis
833 2994 989 3076 crastina,

252 3112 301 3179 Ac
316 3112 459 3178 serarum
475 3108 596 3177 laniatu
611 3110 709 3175 vitam
724 3110 815 3176 brevi
831 3108 936 3176 finies.
952 3136 971 3173 a

254 3230 392 3293 -Tum
408 3225 519 3292 beatus
536 3226 760 3317 respondendo
776 3227 890 3293 Petrus
903 3224 982 3293 iorti
1000 3240 1154 3317 pectore,

253 3347 338 3412 lram
354 3342 465 3410 volens
479 3344 678 3410 contumacis
693 3344 855 3411 concitare
867 3341 1006 3431 judicis,

254 3460 329 3527 Tali
344 3484 422 3528 voce
440 3460 619 3526 saevientem
635 3474 790 3550 provocat
803 3459 978 3526 insaniam:

257 3582 367 3647 «Cum
382 3579 521 3647 Serenus
535 3578 703 3658 vociteris,
721 3577 824 3643 miror
840 3573 1053 3655 validissime,

253 3696 322 3763 Cur
336 3710 401 3763 tarn
417 3707 499 3761 tetro
516 3690 641 3759 vultum
657 3715 750 3783 geras
767 3689 969 3759 obfuscatum
985 3688 1120 3769 nubilo,

286 3999 325 4069 (ι)
343 3996 412 4052 cod.
427 4000 496 4051 coici
505 4016 557 4069 pro
570 3995 678 4069 conjici.

286 4096 326 4163 (a)
344 4093 413 4148 Cod.
426 4091 605 4147 adsertorem.

288 4188 328 4261 (3)
344 4191 389 4246 sic
402 4189 463 4245 cod.
478 4189 551 4243 Editi
566 4191 693 4242 sternier.
