3166 5280
252 403 273 460 6
578 397 772 459 mennam
795 396 1002 458 EPISTOLAE.

251 518 325 592 lam
341 517 476 592 habent
496 545 640 607 coram,
664 520 701 591 in
719 544 762 593 eo
780 515 881 618 quod
897 543 972 589 suae
989 512 1201 591 avidissimae
1218 522 1332 618 cupi-

251 633 356 707 ditati
373 635 573 710 satisfacere
590 635 743 710 valeant.
765 635 863 736 Opto
886 647 928 706 ut
943 661 1085 736 semper
1099 635 1246 710 valeatis
1263 637 1329 735 [in

250 753 441 851 Domino].

567 981 628 1041 lll.
652 983 703 1040 AD
725 980 1006 1041 maturatum.

300 1142 606 1216 Reverentissimo
622 1138 756 1213 Christi
773 1139 911 1214 famulo
922 1139 1148 1231 Amalhario,
1164 1142 1331 1216 Einhar-

251 1250 318 1324 dus
331 1266 512 1350 peccator.
525 1247 713 1324 -Nescio
725 1251 806 1352 quis
820 1251 999 1351 praevenit
1013 1250 1208 1325 adventum
1223 1257 1329 1353 pueri

251 1369 383 1460 vestri,
406 1369 469 1470 qui
494 1367 582 1441 mihi
607 1367 744 1442 litteras
762 1382 896 1442 vestras
919 1368 1062 1456 attulit,
1083 1385 1120 1443 ct
1143 1370 1264 1443 effecit
1287 1387 1332 1442 ut

252 1484 319 1558 tibi
337 1486 545 1560 mandarem
565 1487 580 1584 (
589 1487 622 1585 ι)
643 1487 717 1560 cito
736 1500 913 1587 quatenos
932 1488 986 1586 (a)
1002 1488 1173 1586 proximo
1191 1486 1330 1558 Palma-

250 1628 337 1677 rum
354 1603 412 1678 die
429 1603 474 1677 ad
495 1605 752 1705 imperatorem
769 1606 935 1680 venisses.
952 1604 1021 1679 Sed
1035 1621 1227 1706 postquam
1244 1606 1332 1679 istas

252 1719 392 1794 litteras
418 1736 552 1796 vestras
578 1722 720 1822 accepi,
749 1739 788 1795 et
810 1723 1090 1822 imperatorem,
1113 1723 1157 1796 de
1174 1720 1332 1822 hisquae

250 1838 422 1928 voluisti,
442 1841 680 1940 interrogavi,
696 1841 870 1940 praecepit
887 1839 976 1912 mihi
989 1838 1093 1913 vobis
1110 1838 1269 1913 scribere
1287 1856 1332 1912 ut

253 1971 419 2027 sanctum
435 1954 576 2028 Paschae
592 1955 690 2029 diem
705 1956 804 2031 domi
823 1954 1064 2031 celebrassetis
1079 1959 1153 2054 (ὅ),
1174 1972 1211 2031 et
1225 1972 1334 2031 caete-

252 2098 337 2146 rum
354 2066 570 2147 comitatum
584 2090 746 2147 vestrum
763 2088 846 2174 post
861 2100 926 2149 vos
938 2076 1064 2149 venire
1076 2073 1270 2173 juberetis,
1285 2100 1332 2149 eo

254 2187 366 2266 modo
383 2205 424 2260 ut
431 2244 443 2279 ,
459 2189 607 2292 quando
624 2189 685 2263 ille
702 2190 747 2261 ad
763 2215 826 2265 ros
839 2191 876 2264 in
888 2190 1023 2289 palatio
1036 2191 1204 2277 venisset,
1223 2215 1332 2261 man·

252 2302 345 2377 datis
365 2305 538 2404 acceptis,
557 2320 594 2380 et
610 2306 752 2379 ratione
770 2306 958 2406 legationis
974 2322 1102 2379 vestrae
1117 2304 1220 2378 vobis
1240 2305 1333 2378 insi-

256 2435 387 2510 nuata,
413 2423 490 2497 sine
507 2449 611 2497 mora
635 2425 705 2496 iter
728 2438 890 2496 vestrum
918 2422 1060 2524 aggredi
1084 2425 1142 2521 (4)
1167 2422 1330 2496 valeatis.

253 2536 352 2637 Opto
371 2553 413 2612 ut
431 2566 574 2640 semper
590 2536 683 2614 bene
698 2539 844 2614 valeatis
861 2539 900 2612 in
917 2540 1094 2614 Domino.

421 2896 474 2956 tv.
497 2899 548 2957 AD
570 2894 783 2957 OTGARIUM
804 2889 1163 2955 ARCHIEPISCOPUM.

304 3055 469 3129 Domino
485 3067 610 3129 sancto
624 3069 661 3128 et
676 3055 811 3128 merito
825 3051 1023 3128 venerabili
1041 3049 1211 3153 Otgario,
1227 3074 1334 3122 reve-

258 3169 373 3245 rendo
397 3169 689 3269 archiepiscopo,
712 3165 921 3242 Einhardus
949 3181 1129 3268 peccator.
1142 3206 1191 3223 --
1204 3165 1335 3238 Frater

252 3288 344 3379 iste,
369 3286 521 3360 nomine
538 3285 777 3373 Wcrdricus,
797 3285 842 3359 de
858 3284 1139 3386 congregatione
1156 3282 1193 3354 S.
1215 3281 1332 3354 Boni-

250 3403 333 3477 facii
352 3417 425 3492 est,
443 3418 482 3476 et
498 3419 734 3478 conversatur
746 3403 841 3504 apud
857 3429 924 3478 nos
940 3429 1007 3502 per
1023 3399 1207 3474 licentiam
1221 3396 1333 3470 abba·

253 3523 300 3595 tis
325 3521 400 3611 sui,
427 3546 497 3621 pro
523 3519 692 3623 eoquod
714 3536 839 3596 noster
865 3519 1093 3620 propinquus
1118 3529 1184 3587 est,
1210 3517 1328 3610 Quem

286 3859 327 3925 (ι)
346 3852 463 3910 Pristini
477 3849 599 3906 editores
612 3851 659 3904 hlc
671 3849 777 3906 hahent
792 3872 798 3903 :
813 3844 1013 3914 mandaret,et
1021 3838 1162 3914 sequentis
1180 3840 1254 3896 vocis
1268 3844 1325 3898 cito

251 3947 372 4018 spatium
384 3958 435 4018 per
445 3950 549 4017 puncta
561 3938 696 3996 indicant.

284 4039 324 4106 (a)
342 4033 413 4092 cod.
426 4036 570 4108 quatinus.

284 4123 324 4195 (3)
341 4123 412 4181 cod.
423 4123 613 4181 celebraretis.

286 4217 326 4283 (l)
343 4213 413 4268 Cod.
433 4211 565 4284 adgredi.
