3090 5302
234 453 294 512 126
555 441 749 506 EINHARDI
771 441 978 508 srtsmtffi.

233 571 355 646 omnia
387 582 518 640 vastata
554 583 676 655 erant,
706 583 852 667 excepta
882 569 1053 668 [tantum]
1083 567 1303 642 dominicata

233 687 388 779 decima,
407 710 516 785 quam
531 710 577 756 ex
592 699 714 758 vestro
729 682 841 759 verbo
864 686 990 759 salvari
1007 685 1202 786 praecepit,
1222 712 1304 785 quae

234 821 357 876 utrum
383 803 438 900 (ι)
467 801 616 900 [vendi]
645 800 773 876 debeat
794 829 839 875 an
864 828 960 892 non,
987 802 1134 877 anobis
1159 804 1306 902 penitus

235 923 436 1022 ignoratur.
458 921 543 991 llaec
569 918 648 993 idco
670 934 797 992 vestrae
816 918 1028 993 sublimitati
1052 921 1303 1022 exposuimus,

235 1051 277 1108 ut
287 1051 402 1111 vestra
415 1034 591 1109 celsitudo
608 1037 741 1136 cogitet
756 1052 793 1110 et
810 1052 955 1125 statuat,
970 1032 1157 1138 quomodo
1169 1051 1307 1110 restam

234 1155 307 1226 rari
332 1154 475 1253 possit:
504 1169 540 1226 et
567 1179 612 1226 ne
637 1152 837 1251 periculum
862 1153 1011 1253 alicujus
1038 1153 1250 1254 proveniat,
1276 1155 1305 1227 si

234 1267 363 1346 domus
379 1271 457 1343 Deo
476 1267 589 1340 dicata
608 1268 810 1369 negligatur
823 1285 860 1342 et
876 1269 1096 1344 adnulletur.
1117 1267 1307 1371 Quidquid

235 1410 322 1486 ergo
338 1401 466 1459 vestrae
486 1383 707 1458 excellentiae
727 1384 854 1459 exinde
872 1385 1038 1476 libuerit,
1062 1412 1128 1486 per
1144 1400 1307 1460 vestrm

234 1505 383 1577 missum
392 1517 529 1577 nostrae
540 1501 738 1576 modicitati
751 1504 933 1577 insinuare
941 1503 1125 1605 dignetur.
1140 1501 1308 1577 Vestram

235 1620 492 1693 sublimitatem
509 1618 654 1692 diutino
674 1635 837 1721 ternpore
855 1619 1020 1694 Christus
1036 1633 1221 1722 protegat,
1241 1645 1309 1718 pa·

234 1741 396 1840 sitaque
408 1739 452 1812 ad
468 1738 580 1811 vitam
596 1754 770 1849 aeternam
786 1738 972 1839 perducat.
991 1740 1120 1813 Amen.

563 1976 644 2038 cxx
659 1983 702 2055 (2)
724 1979 774 2039 su
797 1975 983 2038 neuneu.

591 2138 625 2193 ln
637 2137 800 2194 corumdem
812 2156 939 2213 persona.

285 2304 447 2392 Praevio,
471 2303 602 2403 insigni
625 2319 733 2404 atque
751 2303 903 2405 egregiae
924 2301 1126 2378 nobilitatis
1140 2301 1224 2375 viro
1242 2300 1306 2390 N„

236 2423 302 2495 W.
330 2439 366 2495 et
394 2421 457 2509 G,
485 2437 613 2495 vcstrae
643 2417 857 2493 sublimitati
882 2446 948 2520 per
975 2418 1097 2495 omnia
1122 2415 1245 2494 devoti
1272 2433 1310 2492 et

235 2537 368 2627 dediti,
387 2536 491 2613 fidele
507 2538 545 2610 in
563 2535 734 2610 omnibus
753 2535 969 2637 obsequium
989 2550 1099 2638 atque
1120 2534 1309 2610 mitium

237 2655 670 2756 optumae-Quoniam
695 2654 896 2727 sublimitas
923 2654 1069 2755 [vestm]
1090 2653 1149 2754 (ὅ)
1171 2668 1309 2729 nostroe

235 2771 436 2846 modicitati
459 2771 607 2872 aliquod
630 2772 820 2846 servitium
847 2772 1035 2872 injungere
1058 2770 1197 2860 voluit,
1223 2770 1309 2872 quia

236 2887 332 2964 idem
347 2888 390 2961 ad
407 2887 575 2962 effectum
591 2888 756 2961 nondtun
770 2888 888 2975 venit,
908 2912 1051 2961 causam
1067 2903 1197 2961 ’θεῖνε
1212 2885 1311 2961 celsi·

237 3006 356 3080 tudini
367 3006 639 3080 innotescimus.
651 3004 811 3079 Clericus
819 3004 943 3079 fratris
952 3003 1309 3106 vestrill.‚quem(4)

236 3139 357 3198 vestro
368 3127 470 3223 jussu
488 3123 708 3198 conservitio
723 3124 833 3224 ipsius
845 3124 891 3196 A.
906 3122 1147 3224 suscepimus,
1161 3117 1310 3195 indicu-

237 3241 329 3329 lum,
344 3266 453 3340 quem
469 3257 606 3316 nostrae
620 3241 789 3340 parvitati
806 3242 972 3327 misistis,
995 3264 1117 3315 secum
1136 3236 1307 3326 abstulit,

238 3374 280 3432 ut
302 3358 569 3433 excusationem
591 3375 712 3434 restro
732 3358 836 3432 fratri
852 3386 898 3433 ex
915 3375 1038 3435 nostra
1057 3373 1160 3460 parte
1175 3355 1311 3432 laoeoet

237 3476 336 3577 quod
344 3531 356 3566 ,
374 3502 443 3577 pro
458 3492 579 3553 vestro
595 3477 758 3565 servitio,
774 3505 865 3576 opus
879 3477 1038 3577 ejusdem
1055 3474 1309 3576 imperfectam

237 3612 464 3669 remaneret:
488 3610 524 3669 et
545 3595 583 3668 in
606 3596 683 3694 ipso
705 3596 867 3669 indiculo
883 3622 1084 3681 mensuras,
1099 3621 1188 3696 quas
1202 3590 1310 3669 nobis

273 3941 312 4010 (ι)
328 3940 377 3994 Ha
388 3938 448 3994 duae
461 3957 539 3994 voces
551 3959 566 3994 a
580 3941 705 4014 pristinis
718 3939 874 3994 editoribus
886 3941 991 3995 omissae
1002 3950 1077 3994 sunt.

273 4028 313 4099 (a)
332 4047 372 4083 ut
388 4029 417 4083 in
429 4028 497 4084 edit.

269 4111 310 4188 (ὅ)
328 4118 470 4265 133on
485 4120 561 4175 nullo
575 4138 662 4175 vacuo
675 4121 778 4193 spatio,
793 4121 823 4174 in
837 4119 932 4175 codice
945 4118 1120 4176 detdaatm

273 4208 312 4275 (tl
345 4208 353 4227 ¹
392 4227 484 4280 .quae.
