3090 5302
236 394 296 451 272
459 386 643 448 utstoula
665 384 986 465 Tnanstfflolus,
1007 405 1069 449 are

232 511 368 599 audivi,
386 508 576 583 confestim
593 506 668 581 Deo
686 507 950 606 omnipotenti,
963 519 1006 577 ut
1021 532 1088 607 par
1106 522 1204 595 erat,
1224 508 1292 583 lau-

233 630 313 703 dem
330 628 404 700 dixi
420 643 456 700 et
466 627 596 726 gratias
612 626 681 726 egi,
696 625 759 725 qui
770 640 911 698 sanctos
922 649 1005 698 suos
1015 649 1159 724 semper
1170 642 1207 700 et
1219 625 1294 699 ubi·

233 772 302 846 que
318 744 517 845 glorificat,
536 758 573 817 et
591 768 659 816 nos
678 741 831 816 famulos
850 766 951 828 suos,
966 741 1029 842 qui
1042 766 1159 815 sacrus
1171 766 1294 816 eorum

233 860 399 960 reliquias
416 875 505 930 tunc
527 855 718 931 nobiscum
734 853 972 944 habebamus,
995 855 1041 929 de
1058 856 1170 929 tantis
1184 858 1296 931 virtu·

235 978 330 1049 tibus
359 975 540 1049 laetificare
569 973 734 1074 dignatus
755 988 817 1045 est.
841 972 947 1045 Illum
968 987 1111 1062 autm,
1139 974 1205 1074 qui
1225 972 1296 1045 hate

233 1092 322 1167 mihi
335 1092 531 1179 nuntiarit,
541 1091 679 1191 expleta
690 1090 909 1178 narratione,
919 1088 1297 1163 admansionemauam

234 1210 396 1286 secedere
415 1211 518 1309 jussi.
540 1210 720 1282 Caeterum
739 1233 823 1281 eum
844 1233 903 1281 me
918 1206 964 1280 ad
983 1206 1243 1309 quiescendum
1261 1208 1296 1281 iu

234 1329 367 1403 lectulo
398 1327 646 1415 collocassem,
683 1326 776 1425 coepi
808 1352 951 1399 mecum
978 1324 1094 1399 multa
1120 1324 1298 1401 volvendo

235 1461 388 1518 tractare
409 1460 517 1544 atque
542 1443 688 1531 mirari,
719 1441 895 1544 quidnam
923 1439 990 1515 sibi
1022 1440 1153 1531 vellet,
1170 1440 1298 1545 quidve

232 1561 448 1664 portendere
463 1575 581 1661 posset
601 1561 659 1633 illa
682 1561 828 1635 cervisia
847 1561 886 1633 in
899 1562 1046 1649 vinum,
1067 1558 1104 1633 id
1131 1576 1188 1635 est
1208 1559 1298 1635 deta

234 1680 341 1754 rioris
355 1679 516 1778 potionis
534 1678 573 1749 in
592 1677 781 1751 meliorem
802 1675 895 1748 facta
912 1677 1089 1764 mutati03
1103 1690 1168 1749 aut
1183 1700 1249 1750 eur
1262 1676 1298 1749 in

233 1820 278 1869 eo
292 1795 387 1881 loeo,
404 1792 520 1880 idest,
537 1793 575 1863 in
592 1792 688 1891 regia
706 1790 830 1876 domo,
848 1817 889 1863 ac
901 1817 978 1866 non
987 1792 1108 1892 potius
1118 1792 1157 1866 in
1167 1816 1226 1881 eo,
1237 1788 1297 1863 nbi

232 1911 423 1985 beatorum
440 1910 663 2009 Martyrum,
690 1909 754 2008 qui
779 1907 856 1981 haec
874 1905 1036 2009 prodigia
1048 1934 1116 2009 per
1130 1908 1299 1983 virtutem

234 2027 367 2100 Christi
386 2026 569 2111 fecerunt,
585 2026 816 2098 sacratissima
829 2050 983 2125 corpora
995 2022 1182 2099 reooudita
1197 2039 1296 2112 aunt,

233 2142 381 2242 hujusce
392 2141 490 2215 modi
504 2142 718 2214 miraculum
736 2140 938 2215 evenisset?
950 2138 1019 2215 Sed
1036 2140 1123 2215 lieet
1141 2138 1187 2215 ad
1200 2138 1298 2241 hujus

235 2259 446 2360 quaestionis
458 2274 594 2332 certam
608 2258 810 2359 indaginem
828 2256 934 2359 longa
950 2284 991 2330 ac
1004 2258 1157 2333 sollicita
1169 2259 1298 2360 cogita·

235 2378 335 2452 tione
346 2377 535 2477 pervenire
548 2376 755 2477 nequirem,
771 2391 913 2450 certum
924 2394 1045 2450 tamen
1057 2374 1168 2451 habui
1180 2392 1218 2452 et
1229 2402 1299 2452 eea·-

236 2510 315 2565 tum
336 2518 477 2592 semper
502 2490 666 2580 habebo,
684 2492 782 2564 illam
804 2492 963 2565 divinam
985 2510 1091 2593 atque
1110 2518 1297 2593 supernam

235 2611 426 2697 virtutem,
440 2637 506 2710 per
524 2637 633 2710 quam
655 2608 733 2683 haec
745 2626 853 2711 atque
870 2610 935 2683 alia
957 2609 1062 2710 hujus
1081 2610 1184 2685 modi
1199 2610 1299 2685 mira·

236 2729 314 2801 cula
326 2728 404 2802 fieri
420 2728 632 2816 ereduntur,
644 2727 737 2801 nihil
751 2754 910 2830 unquam
920 2729 1108 2802 sineeausa
1119 2728 1177 2802 vei
1187 2729 1297 2805 saeue

237 2845 293 2917 vel
318 2845 395 2919 fieri
414 2846 531 2919 sinere
562 2847 599 2918 in
625 2846 920 2945 ereatu1·is,quas
937 2844 1298 2946 adauamproviden·

238 2960 323 3033 tiam
344 2977 381 3035 et
394 2960 697 3062 gubernationem
712 2962 894 3061 pertinere
908 2988 984 3035 non
1001 2960 1145 3071 dubito.

674 3573 801 3634 CAPUT
821 3574 859 3633 V.

240 3740 302 3799 Alia
333 3739 469 3798 miracula
490 3738 665 3800 Mulinheim
685 3741 778 3821 sacta,
804 3741 898 3801 surdis
919 3754 946 3801 et
967 3743 1072 3813 mutis,
1094 3742 1254 3824 paralyticis
1269 3752 1294 3799 at

280 3839 441 3898 amentibus
454 3842 571 3900 sanatis.
581 3876 622 3888 -
630 3842 740 3901 Lumen
752 3844 806 3903 iter
816 3842 967 3923 agentibus
980 3856 1063 3903 nocte
1075 3863 1294 3903 contusum.-

282 3940 409 4001 Libellus
425 3943 590 4022 imperatori
605 3943 728 4003 oblatus.

288 4120 347 4190 to.
376 4122 491 4219 Igitur
518 4120 599 4192 iude
620 4120 817 4219 digressos,
839 4122 932 4191 sicut
955 4119 1118 4217 superius
1141 4120 1238 4207 dixi,
1255 4114 1292 4189 ad
