3166 5280
256 387 316 445 256
479 379 663 441 fllsuotttt
684 380 1004 457 Tutnsttulottts,
1026 402 1089 445 erc.

256 502 458 601 sanguinis,
477 501 539 600 qui
565 526 608 571 ex
625 524 687 572 ore
705 527 744 571 ac
765 498 911 573 naribus
938 501 1071 574 nimius
1085 500 1314 603 profluebat,

257 636 346 693 esset
361 645 452 718 pene
475 633 550 691 tota
576 644 753 716 respersa,
772 646 791 688 a
815 619 1133 693 circumstantibus
1152 620 1315 710 sublata,

256 755 362 836 atque
385 736 420 805 in
446 733 603 807 medium
620 731 774 806 basilicae
795 732 981 834 deportata
996 750 1062 808 est.
1089 736 1257 837 Cumque
1280 750 1317 810 et

256 854 305 925 ibi
330 851 730 952 aliquandiujacuisset,
751 851 848 923 velut
864 850 907 923 de
925 852 1024 951 gravi
1037 877 1314 951 somnoexper·

255 986 351 1043 recta
382 969 512 1042 resedit
541 1001 550 1041 ε
580 995 619 1040 ac
645 967 772 1041 deinde
799 995 924 1041 manus
951 969 1005 1043 his
1034 972 1098 1070 qni
1128 972 1316 1045 astiterant

254 1088 461 1186 porrigens,
494 1101 534 1156 ut
567 1086 603 1157 in
631 1085 736 1184 pedes
761 1086 979 1185 erigeretur,
1010 1086 1142 1188 quibus
1172 1104 1313 1188 poterat

254 1203 403 1277 nutibus
420 1204 550 1278 oravit.
579 1206 705 1276 Erecta
723 1202 766 1275 ad
790 1203 899 1277 altare
915 1203 1103 1278 deducitur
1120 1236 1130 1278 ε
1150 1203 1215 1277 ubi
1232 1230 1310 1279 cum

255 1321 453 1393 Ratleicum
478 1321 573 1392 inter
596 1319 683 1391 alios
700 1319 867 1410 clericos,
886 1322 948 1423 qui
967 1325 1068 1421 juxta
1084 1322 1198 1397 altare
1222 1348 1309 1397 cou-

255 1439 438 1524 stiterant,
455 1451 608 1511 stantem
624 1464 664 1509 ac
680 1463 716 1509 se
730 1438 979 1537 respicientem
996 1455 1180 1528 cerneret,
1198 1442 1308 1541 proti·

256 1581 323 1625 nus
333 1555 368 1625 in
384 1550 459 1626 haec
471 1551 578 1626 verba
594 1553 784 1652 prorupit:
801 1584 818 1623 a
834 1555 892 1625 Tu
903 1580 952 1642 es,
973 1555 1104 1655 inquit,
1114 1554 1304 1645 Ratleieus;

256 1689 316 1761 tu,
335 1673 404 1759 ait,
435 1671 503 1745 hoc
527 1672 675 1744 nomine
698 1671 888 1760 vocitaris,
919 1688 959 1744 tu
979 1699 1015 1746 es
1032 1698 1155 1747 servus
1183 1673 1304 1751 horum

254 1803 474 1861 sanctorum.
494 1817 512 1854 n
531 1787 644 1879 Quam
663 1813 745 1859 cum
765 1788 823 1860 itte
837 1804 1110 1886 percontaretur
1126 1790 1225 1865 unde
1244 1788 1310 1865 hoc·

255 1907 395 1994 scisset,
414 1905 470 1977 vei
489 1905 567 2004 quis
585 1905 616 1976 ei
630 1931 762 1977 nomen
781 1930 885 1977 suum
898 1904 1084 1979 indicasset
1104 1938 1113 1979 ς
1134 1907 1301 1993 «Sancti,

255 2022 393 2119 inquit,
413 2020 491 2106 isti,
512 2020 574 2120 qui
599 2018 657 2090 hic
678 2021 925 2119 requiescunt,
942 2020 1089 2123 quando
1108 2023 1208 2097 reiut
1226 2020 1302 2099 dor·

253 2138 367 2209 miens
385 2138 502 2235 jacui,
524 2152 747 2210 accesserunt
771 2136 814 2209 ad
835 2165 911 2227 me,
932 2155 968 2212 et
984 2140 1162 2215 miserunt
1181 2140 1302 2242 digitos

252 2279 334 2324 suos
354 2253 390 2324 in
408 2250 581 2322 auriculas
604 2278 697 2324 meas
720 2252 963 2354 dixeruntque
988 2254 1077 2329 mihi
1092 2286 1102 2328 ε
1117 2257 1212 2329 Cum
1227 2282 1302 2330 sur·

253 2369 408 2459 rexeris,
430 2365 525 2440 etad
549 2367 659 2440 altare
679 2371 878 2455 accesseris,
897 2371 1047 2445 clericus
1071 2372 1133 2447 itte
1144 2373 1302 2473 juvenis,

251 2514 357 2588 quem
372 2510 492 2559 coram
512 2500 546 2557 te
559 2489 719 2558 assistere
736 2512 776 2558 ac
794 2501 828 2559 te
847 2488 1032 2563 intendere
1048 2488 1201 2579 videris,
1221 2492 1303 2564 scito

251 2602 351 2705 quod
367 2603 425 2675 ille
444 2601 622 2675 Ratleicus
643 2619 809 2690 vocatur,
828 2618 864 2676 et
879 2604 939 2678 itte
951 2631 1074 2679 servus
1093 2620 1220 2681 noster
1230 2622 1302 2681 est:

252 2749 335 2794 nam
351 2721 423 2819 ipse
437 2735 509 2805 ost,
523 2719 585 2817 qni
600 2717 644 2790 ad
662 2716 758 2792 hunc
775 2720 894 2793 locum
907 2747 1058 2821 corpora
1077 2738 1202 2798 nostra
1215 2724 1305 2797 detu

252 2840 307 2910 tit.
326 2869 343 2906 n
367 2838 414 2909 Et
437 2860 556 2909 revera
583 2835 629 2905 ita
649 2851 737 2909 erat.
756 2838 792 2909 Si
810 2838 956 2936 quidem
978 2842 1052 2939 ipse
1066 2855 1160 2927 erat,
1178 2866 1304 2943 quem,

252 2969 399 3056 propter
425 2968 632 3025 sanctorum
648 2952 815 3051 reliquias
834 2981 853 3025 a
870 2954 1027 3053 quodam
1042 2954 1199 3031 diacono
1215 2958 1306 3031 reci·

250 3071 394 3173 piendas
404 3124 414 3158 ,
431 3067 608 3170 nobisque
620 3068 844 3159 deferendas,
865 3073 1015 3144 Romam
1033 3100 1100 3147 nos
1117 3074 1254 3149 misisse
1270 3076 1306 3149 in

249 3189 368 3289 primo
384 3185 479 3260 libro
492 3186 779 3258 memoravimus.
796 3187 844 3259 Et
862 3190 938 3259 traec
953 3188 1100 3288 quidem
1117 3188 1188 3263 hoc
1199 3190 1307 3267 modo

250 3330 370 3377 coram
383 3299 508 3386 nobis,
524 3326 589 3400 per
605 3301 776 3372 virtutem
788 3300 1074 3376 beatissimorum
1083 3310 1305 3407 Martyrum,

249 3420 396 3520 depulso
435 3417 653 3491 infirmitatis
678 3418 828 3515 spiritu,
854 3418 1121 3517 integerrimam
1142 3422 1309 3523 corporis

248 3542 302 3614 sui
315 3540 500 3612 sanitatem
512 3550 566 3610 est
582 3548 788 3623 consecuta;
805 3534 912 3634 quam
924 3554 1025 3636 pater
1040 3563 1082 3610 ac
1096 3536 1225 3627 frater,
1244 3539 1307 3643 qui

249 3684 325 3733 eam
338 3655 400 3730 illo
410 3652 630 3727 deduxerunt
642 3704 652 3738 ,
666 3679 684 3722 a
701 3667 861 3750 tempore
875 3654 1069 3727 nativitatis
1078 3682 1152 3729 suae
1162 3656 1308 3731 suidam

249 3791 284 3848 et
298 3789 432 3847 mutam
447 3796 584 3869 semper
607 3767 713 3840 fuisse
733 3769 848 3840 testati
863 3784 959 3841 sunt.

296 4126 355 4199 39.
376 4123 586 4199 Miraculum
599 4138 734 4207 autem,
750 4119 846 4219 qnod
866 4144 963 4192 nunc
980 4135 1192 4194 narraturus
1208 4146 1305 4210 sum,
