3090 5302
569 423 760 486 EINHARDI
783 424 958 485 CHARTAE.
1234 425 1293 487 423

241 548 287 618 tia
322 545 452 619 horum
485 546 627 618 testium
653 572 809 644 quorum
835 546 1004 643 [nomina
1034 545 1079 641 et]
1117 545 1292 644 signacula

239 661 363 735 subter
375 676 543 735 tenentur
554 662 697 735 inserta.
710 661 788 760 Ego
802 662 837 731 in
850 661 912 734 Dei
925 661 1082 759 [nomine
1090 660 1148 733 Ill.
1161 660 1291 757 abbas]

240 776 308 851 hoc
330 791 578 850 testamentum
597 777 825 874 ingenuitatis
840 775 916 848 fieri
930 777 1016 874 jussi
1035 794 1071 850 et
1087 803 1196 848 manu
1210 802 1291 874 pro-

238 896 316 992 pria
335 893 625 966 subterfirmavi.
647 894 721 991 Ego
742 895 777 964 in
794 891 926 965 Christi
944 894 1091 966 nomine
1112 893 1167 965 lll.
1189 890 1295 964 abbas

239 1010 431 1109 recognovi
450 1024 485 1083 et
502 1010 666 1083 similiter
679 1008 802 1081 subter
819 1008 970 1082 firmavi.
1047 1033 1048 1037 ’

451 1284 500 1342 tv.
524 1282 785 1342 COMMUTATIO
805 1282 1083 1344 Matelrlotttttt

240 1429 320 1487 later
343 1427 519 1488 Einhardum
541 1429 672 1490 abbatem
694 1443 722 1488 et
743 1429 942 1490 Theodradam
960 1431 1122 1490 monasterii
1145 1428 1175 1489 S.
1197 1429 1295 1490 Mariae

522 1535 763 1617 Argentogilensis
778 1536 948 1595 abbatissam
964 1542 974 1612 (
995 1542 1015 1608 ).

688 1678 764 1740 (dun.
780 1677 848 1743 art.)

286 1829 518 1928 oppitulante
543 1830 700 1903 Domino
726 1830 809 1902 Jesu
837 1825 1002 1921 Christo,
1026 1828 1161 1927 placuit
1188 1840 1293 1926 atque

237 1946 409 2018 convenit
432 1948 525 2019 inter
542 1944 798 2019 Tbeodredane
818 1942 1036 2017 nobilissima
1059 1942 1231 2015 abbatissa
1251 1941 1294 2013 dc

237 2063 454 2137 inonasterio
484 2064 622 2135 Sanctae
653 2062 777 2136 Mariae
807 2062 1101 2162 Argentogilense
1129 2062 1201 2159 (a),
1228 2085 1294 2132 nec

237 2206 311 2252 non
335 2197 370 2252 et
390 2182 485 2252 inter
508 2179 748 2253 venerabilem
770 2178 991 2252 Einhardum
1015 2178 1197 2262 abbatem,
1222 2203 1292 2249 una

235 2324 318 2368 cum
333 2324 508 2370 consensu
521 2314 555 2369 et
569 2298 758 2373 'voluntate
772 2298 915 2369 ancillas
934 2299 998 2370 Dei
1016 2297 1148 2370 ibidem
1165 2297 1293 2369 consis-

236 2411 1292 2510 tendum,ethonishominibusconsentientes,utmancipia

236 2530 330 2600 inter
347 2554 383 2601 se
399 2543 619 2600 commutare
638 2528 693 2601 vel
708 2529 904 2601 excamiare
919 2524 1103 2599 deberent.
1122 2525 1227 2617 Quod
1244 2527 1290 2596 ita

233 2662 270 2717 et
289 2644 465 2718 lecerunt.
487 2644 591 2717 Dedit
608 2645 718 2743 igitur
735 2643 1060 2743 praecellentissima
1081 2639 1289 2715 Theodrada

233 2760 408 2835 abbatissa
428 2762 471 2834 de
487 2764 628 2835 ratione
645 2763 784 2834 Sanctae
804 2763 926 2834 Mariae
939 2758 1100 2859 partibus
1118 2756 1289 2831 Einhardi

269 3044 309 3114 (ι)
321 3043 402 3098 Cette
419 3042 514 3097 cbarte
526 3041 677 3113 d'cchauge
690 3060 705 3094 a
718 3043 762 3096 ete
776 3042 922 3114 imprimes
939 3059 1010 3115 pour
1028 3041 1054 3095 la
1071 3042 1206 3116 premiere
1221 3042 1289 3106 fois,

234 3141 341 3213 d’apres
355 3139 504 3213 l’original,
518 3158 568 3212 par
583 3140 617 3193 D.
631 3137 777 3205 Mabillon,
793 3140 836 3194 De
850 3159 879 3194 re
891 3138 1046 3212 diplomat,
1061 3139 1110 3195 lib.
1123 3157 1166 3207 vt,
1182 3159 1209 3212 p.
1224 3141 1287 3208 515,

234 3248 262 3292 et
277 3237 437 3310 reproduite
450 3255 500 3309 par
513 3236 695 3303 Weinclrens,
711 3256 738 3310 p.
758 3237 814 3290 105.
826 3237 861 3291 D.
875 3236 1008 3292 Mabillon
1019 3237 1121 3294 semble
1133 3239 1224 3293 croire
1235 3256 1289 3313 que
1331 3278 1334 3283 -

233 3347 277 3390 cet
289 3346 348 3390 acte
362 3334 513 3407 d'eebange
525 3352 540 3387 a
553 3337 597 3389 ete
607 3334 704 3389 conclu
718 3353 768 3407 par
780 3323 922 3408 Eginhard
934 3352 1041 3391 comme
1055 3336 1125 3391 abbe
1136 3335 1171 3391 de
1187 3337 1289 3392 Fonte·

233 3431 318 3498 nelle,
340 3433 408 3485 mais
425 3432 489 3485 c’est
507 3428 598 3503 plutbt
615 3450 721 3486 comme
736 3431 806 3486 abbe'
823 3430 857 3486 de
872 3431 1040 3506 Blandigay3
1055 3452 1102 3488 car
1114 3432 1140 3488 la
1154 3434 1290 3506 premiere

233 3533 374 3603 signatura
387 3530 421 3585 de
432 3530 510 3584 l'aete
519 3538 560 3583 est
574 3527 640 3583 celle
654 3529 693 3584 du
702 3529 809 3585 ridame
818 3529 853 3585 de
866 3530 1019 3605 Blandigay
1031 3550 1087 3604 que
1099 3549 1169 3586 nous
1181 3541 1289 3586 retrou-

233 3647 300 3682 vons
312 3628 378 3681 dans
397 3627 423 3680 la
443 3627 538 3680 charte
551 3626 682 3692 salvante,
702 3637 731 3681 et
747 3626 894 3693 ‹l’ailleurs‚
913 3646 947 3682 en
961 3627 1023 3695 824,
1037 3617 1180 3701 Egiahard
1195 3628 1290 3682 n’etait

233 3727 294 3797 deja
308 3725 369 3798 plus
382 3724 451 3779 abbe'
463 3723 497 3776 de
509 3722 676 3777 Fontenelle.
697 3722 721 3776 Il
738 3724 809 3778 avait
827 3724 893 3779 ccde'
910 3744 941 3780 ce
955 3726 1109 3779 monastere
1126 3726 1141 3777 l
1157 3725 1289 3796 Anscgise

232 3824 281 3878 des
295 3822 400 3877 l'annee
412 3820 584 3894 precedente.

268 3922 306 3988 (a)
325 3920 361 3973 Le
379 3918 532 3972 monastere
552 3915 587 3970 de
605 3917 790 3971 botre-Darne
807 3916 998 3989 d'Argeuteuil
1017 3917 1079 3988 pres
1097 3915 1187 3979 Paris,
1206 3915 1291 3970 lande

232 4036 293 4071 vers
308 4016 374 4083 665,
394 4034 456 4069 sous
472 4013 593 4069 Clotaire
610 4014 661 4067 Ill.
681 4014 691 4082 (
700 4015 771 4086 Voy.
790 4014 816 4069 le
830 4034 890 4067 nov.
915 4014 990 4067 Gall.
1008 4013 1119 4080 Christ,
1136 4013 1291 4088 t⁷11‚507.)

190 4116 193 4121 '
235 4114 374 4168 L'ablmsse
393 4110 574 4166 Thc'oderade
591 4110 657 4164 etait
672 4109 725 4164 lille
740 4110 774 4166 de
787 4108 986 4180 Clrarlemagne
999 4119 1027 4163 ct
1041 4108 1075 4164 de
1092 4109 1115 4162 la
1134 4110 1210 4163 reine
1224 4110 1290 4164 Fas-

234 4211 326 4271 tradc.
344 4210 480 4263 troislimr
496 4209 595 4263 semme
610 4206 643 4260 dc
658 4226 688 4260 ce
702 4209 805 4279 prinae.

1366 752 1374 782 l
