3090 5302
372 395 413 457 64
698 392 893 456 munaum
916 390 1123 456 Eatstotm.

535 603 693 670 XXXVII.
718 608 770 668 Al)
791 607 829 671 N.
853 605 1144 669 vlcssuoulnttut
1164 606 1292 672 SUUM.

425 773 466 843 ln
488 768 619 841 Christi
644 768 793 842 nomine
817 766 1042 852 Einbatdum
1070 765 1117 839 N.
1141 763 1453 843 vicedomino.-

375 888 552 961 Mimmur
572 884 673 960 valde
691 883 957 986 propterquod
976 885 1032 982 (ι)
1049 883 1171 957 omnia
1191 883 1245 957 sie
1265 909 1454 959 manem

376 1005 597 1106 potuissent,
611 1003 706 1076 sicut
716 1015 989 1087 remanserunt,
1005 1025 1089 1100 quae
1102 997 1170 1074 tibi
1181 998 1347 1074 facienda
1358 1025 1454 1076 oom-

376 1121 552 1196 miuimus.
574 1120 680 1207 Nam,
700 1119 795 1191 sicut
815 1116 1036 1206 audivimus,
1056 1115 1101 1191 de
1114 1116 1174 1190 illa
1195 1140 1365 1205 annona,
1381 1117 1456 1192 sive

375 1237 418 1312 ad
445 1237 627 1322 farinam,
662 1236 736 1309 sive
764 1232 808 1308 ad
836 1233 980 1308 bracem
1009 1233 1235 1323 laciendum,
1269 1260 1384 1336 quam
1410 1235 1456 1308 ad

377 1352 594 1429 Mulinheim
610 1352 756 1425 mittere
773 1349 949 1439 debuisti,
974 1350 1067 1425 nihil
1091 1350 1218 1424 misisti
1240 1381 1249 1423 ε
1270 1376 1342 1425 nee
1357 1348 1456 1423 alind

377 1472 534 1575 aliquid,
551 1472 619 1544 nisi
637 1470 786 1572 triginta
799 1495 949 1570 porcos,
963 1485 1000 1543 et
1018 1469 1098 1543 illos
1113 1470 1208 1570 ipsos
1221 1493 1299 1543 nou
1312 1465 1454 1556 bonos,

378 1590 439 1666 sed
452 1588 669 1675 mediocres,
686 1603 721 1661 et
735 1603 808 1661 tres
821 1586 961 1662 modios
976 1586 1021 1662 de
1035 1586 1216 1689 legumine
1233 1617 1243 1660 z
1259 1584 1306 1662 de
1320 1601 1457 1662 oaetetu

379 1709 485 1782 nihil.
500 1710 548 1782 Et
563 1734 639 1782 non
656 1707 774 1781 solum
788 1704 873 1798 hoc,
887 1703 947 1780 sed
959 1706 1067 1780 etiam
1082 1704 1171 1778 illud
1183 1703 1298 1807 quod,
1319 1704 1359 1779 in
1376 1718 1458 1779 toto

380 1824 536 1902 hiberno
548 1827 631 1916 isto,
646 1840 775 1913 necte,
790 1851 857 1898 nec
870 1825 1020 1897 missum
1032 1837 1138 1896 tuum
1149 1822 1321 1924 aliquem,
1334 1820 1457 1897 vidue

379 1946 585 2045 potuimus,
608 1945 670 2045 qui
686 1943 792 2018 nobis
808 1942 944 2044 aliquid
962 1942 1006 2016 de
1029 1943 1104 2015 istis
1123 1939 1289 2043 partibus
1309 1940 1459 2017 adnun-

381 2062 500 2135 tiaret.
525 2059 632 2154 Quod
655 2061 682 2132 si
709 2061 883 2159 majorem
900 2059 1097 2132 utilitatem
1112 2059 1157 2134 de
1172 2057 1375 2133 Frideelare
1391 2055 1460 2132 ba·

382 2177 467 2252 bere
480 2202 556 2253 non
568 2203 779 2277 possumus,
794 2176 862 2250 nisi
878 2192 1057 2277 quantum
1081 2193 1121 2248 tu
1140 2201 1207 2250 nos
1224 2175 1308 2250 inde
1325 2173 1459 2252 habeas

381 2292 515 2382 fecisti,
532 2293 710 2366 nescimus
721 2320 787 2366 cur
798 2291 887 2366 illud
896 2293 1115 2367 beneficium
1127 2288 1259 2367 habere
1267 2289 1456 2367 debemus.

382 2408 489 2482 Nunc
514 2434 621 2510 ergo,
648 2409 677 2481 si
711 2407 777 2480 tibi
804 2406 848 2481 de
877 2409 991 2508 gratia
1016 2423 1139 2482 nostra
1170 2407 1243 2481 ulla
1271 2433 1359 2481 cura
1386 2408 1457 2497 sit,

383 2554 550 2629 rogamus
569 2544 611 2602 ut
628 2527 885 2628 negligentiam
903 2543 1000 2600 tuam
1021 2526 1210 2601 emendare
1230 2524 1396 2618 studeas,
1421 2544 1459 2603 et

383 2674 450 2722 nos
467 2648 541 2724 cito
560 2661 677 2724 certos
694 2648 821 2722 efficias
836 2646 924 2747 quid
940 2645 985 2721 de
1004 2662 1038 2720 te
1054 2671 1199 2745 sperare
1215 2643 1404 2720 debemns.

664 2974 839 3038 XXXVIII.
863 2980 913 3038 ΑΙ)
936 2973 1123 3037 FRATREM
1144 2975 1169 3035 N

430 3132 571 3206 Dilecto
584 3132 688 3206 fratri
704 3133 767 3222 N„
784 3132 986 3207 Einhardus
1000 3136 1038 3207 in
1052 3134 1211 3210 Domino
1227 3133 1393 3209 salutem.
1409 3176 1458 3192 -

383 3249 560 3325 Volumus
582 3267 623 3324 ut
644 3252 846 3353 Egmunelo
868 3252 913 3328 de
937 3253 1050 3328 verbo
1065 3269 1193 3327 nostro
1210 3252 1399 3353 praecipias
1416 3268 1460 3325 ut

381 3368 489 3443 saciat
503 3369 611 3443 nobis
624 3370 751 3446 lateres
762 3373 970 3471 quadratos,
982 3371 1153 3446 hahentes
1163 3374 1200 3446 in
1214 3398 1364 3446 omnem
1377 3397 1459 3472 par·

385 3502 458 3563 tem
478 3487 569 3563 duos
592 3489 697 3588 pedes
714 3491 895 3566 manuales
918 3508 954 3566 et
970 3507 1129 3593 quatuor
1150 3489 1282 3590 digitos
1302 3489 1343 3562 in
1361 3514 1460 3563 cras·

382 3605 601 3694 titudinem,
628 3632 783 3681 numero
805 3633 873 3695 ux,
900 3624 937 3683 et
965 3608 1053 3682 alios
1083 3608 1261 3696 minores,
1291 3604 1460 3682 similiter

383 3722 589 3826 quadratos,
605 3721 775 3799 habentes
790 3726 827 3798 in
838 3753 985 3801 omnem
997 3742 1135 3825 partem
1149 3750 1264 3798 unum
1275 3722 1457 3798 semissem

384 3853 420 3914 et
433 3855 592 3941 quatuor
603 3838 753 3940 digitos,
768 3859 804 3915 et
822 3842 860 3915 in
875 3842 1109 3915 crassitudine
1126 3839 1258 3942 digitos
1270 3855 1344 3914 tres
1354 3891 1367 3928 ,
1386 3865 1459 3913 nu·

417 4187 457 4257 (t)
475 4187 546 4243 Cod.
558 4189 704 4264 quidquid.
