3090 5302
232 455 292 511 902
457 448 638 510 HISTORIA
660 450 978 523 Tnanstnttoals,
1001 472 1063 514 rac.

233 589 270 645 et
286 585 426 670 aperte,
446 598 525 643 curn
545 571 724 669 adjutorio
739 572 863 671 populi
885 574 1132 659 occurrentis,
1152 590 1290 671 portare

234 688 360 786 coepit.

282 1041 338 1112 tls.
354 1038 423 1113 Ubi
440 1056 560 1114 antem
579 1040 710 1124 locum,
726 1042 787 1140 qni
802 1040 1014 1138 Caput-laci
1029 1053 1194 1128 vocatur,
1209 1066 1294 1141 pru»

235 1175 445 1257 tergressus,
460 1155 619 1242 bivium,
636 1182 710 1258 quo
729 1158 855 1230 itinera
876 1157 912 1228 in
927 1157 1115 1229 Franciam
1132 1155 1293 1230 ducentia

231 1275 469 1361 dirimuntur,
484 1276 624 1375 attigit3
645 1274 885 1349 dexteriorem
902 1275 997 1346 viam
1014 1276 1194 1375 ingressus
1204 1329 1215 1362 ,
1234 1302 1294 1375 per

234 1389 519 1463 Alamannorum
537 1391 625 1464 fines
636 1391 803 1493 usquead
817 1388 1049 1477 Solodorum,
1062 1388 1295 1491 burgundio-

232 1532 320 1578 num
334 1505 523 1605 oppidnm,
540 1509 651 1581 venit.
662 1505 714 1578 lbi
728 1505 855 1578 obvios
869 1503 1008 1591 babuit,
1019 1531 1112 1607 quos
1123 1532 1207 1606 ego,
1218 1522 1293 1604 post

235 1621 408 1695 indicium
428 1623 599 1696 adventus
617 1624 713 1696 illius
738 1623 825 1695 mibi
843 1621 998 1709 lactum,
1016 1622 1061 1696 de
1083 1623 1252 1721 TraJecto
1265 1624 1293 1693 ei

233 1763 423 1812 occurrere
434 1739 535 1836 jussi.
553 1740 643 1812 Nam
659 1763 726 1839 ego
740 1754 827 1809 tunc
841 1739 1014 1835 temporis
1026 1740 1128 1835 juxta
1145 1736 1295 1809 Scaldim

234 1855 384 1927 lluvinm
405 1857 441 1927 in
461 1856 736 1929 monasterius.
757 1856 1048 1940 bavonianum,
1069 1853 1219 1954 quando
1237 1852 1295 1926 lit-

235 1989 321 2044 terae
334 1973 464 2044 notarii
477 1975 545 2046 mei
559 1998 624 2072 per
636 1999 787 2072 puerum
798 1972 1043 2070 procuratoris
1054 1971 1186 2057 nostri,
1202 1972 1295 2069 cnjus

233 2091 396 2188 superius
415 2093 637 2164 mentionem
655 2090 825 2178 fecimus,
847 2091 933 2163 mihi
957 2088 1108 2164 redditoe
1124 2106 1226 2163 sunt.
1249 2090 1293 2163 Ex

234 2233 388 2306 quarum
402 2209 557 2282 lectione
569 2209 613 2282 de
623 2209 776 2282 adventu
792 2209 1009 2281 Sanctorum
1021 2207 1158 2281 certior
1171 2206 1292 2289 lactus,

236 2321 333 2397 illico
357 2351 468 2397 ursum
496 2352 537 2397 ex
565 2323 798 2397 familiaribus
826 2326 959 2397 nostris
988 2325 1198 2422 Trajccturn
1226 2324 1293 2408 ire,

236 2439 357 2541 ibique
390 2441 617 2545 presbyteros
645 2459 751 2543 atque
777 2441 865 2513 alios
891 2440 1062 2528 clericos,
1090 2464 1235 2513 necnon
1262 2452 1295 2511 et

236 2558 342 2632 laicos
359 2586 479 2633 seeum
489 2587 642 2645 sumere,
660 2586 700 2631 ac
717 2559 855 2630 Sanctis
872 2554 1113 2643 venientibus,
1133 2555 1294 2629 ubicun-

233 2700 304 2774 que
321 2675 479 2773 primum
502 2677 693 2776 potuisset,
712 2673 856 2747 obviam
872 2672 1043 2746 festinare
1064 2672 1236 2772 praecepi.
1254 2671 1294 2744 Et

234 2792 262 2860 ia
283 2790 373 2863 nibil
393 2809 573 2884 moratus,
588 2818 670 2865 curn
689 2789 744 2864 bis
760 2818 851 2891 quos
864 2817 984 2864 secum
995 2788 1149 2864 (luxerat
1166 2790 1205 2862 in
1219 2788 1294 2863 loco

234 2924 452 2996 memorato,
471 2926 555 3009 post
576 2935 705 3010 paucos
723 2909 797 2981 dies
815 2907 888 2994 bis,
909 2907 972 3008 qui
994 2907 1147 2981 Sancta
1161 2903 1295 2979 adferc-

236 3023 341 3114 bant,
380 3026 540 3099 obviavit
564 3028 780 3125 :junctique
801 3023 926 3113 simul,
952 3020 1212 3097 comitantibus
1225 3024 1293 3122 jan

234 3142 840 3243 atquehincindeconcurrentibus
850 3138 1068 3242 hymnidicis
1078 3138 1294 3240 populorum

237 3262 380 3350 turmis,
396 3288 478 3334 curn
504 3263 638 3362 ingenti
664 3263 827 3335 omnium
848 3262 996 3349 laetitia,
1015 3261 1294 3360 Argentoratum

237 3376 381 3466 urbem,
406 3407 489 3479 quae
508 3404 607 3452 nnnc
620 3379 811 3479 strasburg
824 3379 1039 3478 appellatur,
1054 3376 1222 3450 oelcriter
1237 3399 1296 3449 vo-

234 3495 356 3566 niunt.
370 3496 456 3568 lnde
467 3522 531 3594 per
542 3497 702 3569 llreuum
716 3493 868 3568 secunda
880 3519 970 3594 aqua
981 3493 1205 3592 navigantes,
1216 3514 1294 3564 cnm

233 3612 276 3684 ad
297 3612 439 3700 locum,
458 3614 520 3714 qui
539 3615 668 3687 Portus
687 3626 847 3695 vocatur,
867 3611 1065 3697 venissent,
1085 3607 1295 3685 orientalem

234 3729 395 3802 lluminis
422 3731 537 3829 ripum
562 3731 712 3830 egressi,
736 3731 862 3829 quinto
889 3728 1075 3804 mansione
1104 3725 1149 3797 ad
1179 3725 1294 3799 locun

235 3848 495 3920 Micbilinstadt
510 3863 780 3946 nuncupatum,
798 3871 880 3918 cum
897 3842 1087 3920 immodica
1106 3840 1293 3918 hominurn

237 3965 272 4036 in
288 3966 351 4036 Dei
371 3963 533 4037 laudibus
545 3964 786 4037 exultantium
800 3960 1052 4048 multitudine,
1065 3958 1292 4059 perveniant.

237 4084 268 4153 ls
294 4084 391 4156 loeus
406 4101 458 4156 est
479 4084 513 4156 in
534 4110 579 4157 eo
596 4083 689 4155 saltu
705 4083 927 4167 Germaniae,
946 4081 1009 4181 qui
1033 4095 1198 4178 tempore
1218 4100 1294 4149 mo-

235 4198 553 4275 ‹tanoodanwald
575 4199 787 4299 appellatur,
800 4216 835 4272 ct
851 4196 958 4271 distat
981 4196 1137 4269 abieno
1151 4192 1293 4267 flumine
