3090 5302
393 394 451 451 lat-2
630 382 813 446 Hlst'otttl
835 376 1159 449 t'nanstat'tONIS,
1181 394 1249 437 are.

392 510 544 584 sindone
554 503 919 579 involutumdiacono
928 499 1118 575 serendum
1130 512 1238 599 atque
1249 496 1460 573 serrandum

393 628 555 700 tradunt.
583 625 635 696 Ac
655 649 699 695 ne
719 621 788 694 ulla
812 618 942 692 sublati
963 617 1126 717 corporis
1146 614 1278 688 indicia
1302 642 1463 692 remane-

393 760 498 827 rent,
528 737 682 839 lapidem
712 737 795 811 loco
823 761 888 808 suo
920 747 1160 833 reponentes,
1194 732 1233 802 in
1261 729 1393 805 urbem
1422 735 1462 806 ad

393 859 545 959 hospitia
569 881 629 930 sua
647 870 894 929 revertuntur.
910 853 1090 925 Diaconos
1103 864 1224 922 autem
1237 875 1374 949 corpus
1386 848 1464 925 bes-

392 976 519 1050 tissimi
540 972 726 1074 Martyris,
746 969 844 1071 quod
862 984 1059 1069 acceperat,
1087 970 1191 1065 juxta
1213 965 1400 1040 basilicam
1421 968 1460 1039 B.

393 1095 489 1168 Petri
511 1089 684 1191 apostoli,
707 1115 789 1188 quae
812 1102 962 1161 vocatur
977 1084 1033 1157 lld
1051 1081 1225 1169 Vincula,
1246 1080 1311 1154 ubi
1331 1099 1369 1156 et
1393 1086 1463 1185 ipse

394 1212 545 1285 domum
562 1205 736 1293 babebat,
753 1232 789 1278 se
809 1231 948 1278 servare
971 1203 1062 1275 velle
1075 1228 1116 1274 ac
1138 1226 1242 1302 posse
1263 1200 1460 1289 affirmans,

395 1331 498 1403 fratri
514 1355 580 1404 suo
603 1326 752 1401 nomine
765 1325 941 1399 Lunisoni
964 1319 1007 1394 ad
1024 1318 1302 1394 custodiendum
1314 1323 1461 1395 commi·

395 1449 466 1535 sit;
488 1442 754 1544 arbitratusque
775 1442 919 1517 notario
938 1464 1020 1512 meo
1038 1439 1108 1512 boc
1124 1436 1346 1511 satisfactum
1372 1462 1458 1525 esse,

398 1565 510 1664 coepit
524 1561 626 1634 illum
640 1558 776 1634 hortari
791 1574 844 1645 ut,
864 1573 1011 1657 accepto
1027 1580 1181 1654 corpore
1195 1553 1292 1627 beati
1309 1555 1460 1629 Marcel·

398 1683 487 1768 lini,
508 1677 643 1752 rediret
657 1677 693 1748 iu
712 1676 876 1775 patriam.

446 2151 482 2222 9.
510 2147 579 2222 Sed
604 2148 662 2220 ille
681 2148 788 2246 longe
804 2143 900 2216 aliud
918 2142 1159 2217 meditabatur
1182 2172 1223 2219 ac
1248 2164 1373 2221 mente
1391 2147 1461 2223 vol-

398 2264 516 2340 vebat.
534 2265 625 2338 Nam
637 2318 649 2353 ,
660 2279 701 2336 ut
715 2260 803 2334 mihi
820 2278 942 2361 postea
961 2262 1109 2354 retulit,
1123 2262 1314 2337 videbatur
1333 2264 1386 2338 illi
1403 2290 1463 2338 ue·

399 2409 580 2486 quaquam
591 2379 658 2453 sibi
677 2380 786 2453 licere
796 2405 879 2451 cum
893 2378 972 2453 solo
986 2377 1081 2452 beati
1093 2379 1293 2455 Marcellini
1308 2404 1461 2481 corpore

401 2504 437 2573 in
460 2500 613 2601 patriam
634 2495 792 2599 regredi3
810 2496 910 2597 quasi
926 2494 1023 2569 nefas
1035 2512 1140 2586 esset,
1160 2515 1202 2571 ut
1215 2523 1349 2601 corpus
1370 2498 1462 2574 heau

399 2619 496 2692 Petri
515 2617 705 2717 martyris,
720 2615 785 2717 qui
800 2615 832 2688 ei
849 2615 965 2687 socius
977 2613 1014 2686 in
1025 2615 1189 2713 passione
1206 2615 1337 2706 luerat,
1352 2632 1390 2692 et
1402 2642 1466 2719 per

399 2737 618 2838 quingentos
632 2749 669 2807 et
678 2759 721 2807 eo
731 2731 884 2830 amplius
895 2756 1009 2804 annos
1022 2732 1059 2804 in
1070 2732 1198 2808 οοάεω
1215 2734 1387 2835 sepulcro
1397 2762 1465 2809 una

400 2880 483 2926 cum
502 2852 566 2927 illo
585 2852 824 2953 requieverat,
846 2849 909 2922 illo
932 2847 1015 2924 inde
1033 2865 1255 2942 transeunte,
1272 2853 1322 2927 ibi
1345 2880 1465 2929 mm·

399 2984 515 3044 neret.
537 2970 657 3069 Atque
676 2967 740 3040 hac
765 2967 984 3067 cogitatione
1006 2983 1127 3042 mente
1149 2985 1343 3070 concepta,
1368 2986 1466 3045 unta

400 3087 510 3160 animi
528 3087 583 3159 sui
602 3086 844 3185 parturitione
860 3085 967 3156 simul
980 3110 1022 3156 ac
1037 3085 1313 3184 perturbatione
1325 3088 1468 3165 labora-

401 3203 522 3287 rabat,
549 3220 591 3276 ut
608 3228 675 3276 nec
692 3200 816 3274 cibum
834 3227 978 3301 capere,
1004 3229 1070 3277 nec
1093 3230 1224 3280 somno
1245 3206 1468 3307 acquiescere

399 3323 503 3397 dulce
517 3319 584 3395 sibi
602 3320 787 3395 videretur
802 3338 910 3422 atque
927 3321 1149 3421 jucundum,
1170 3324 1239 3396 nisi
1261 3324 1468 3429 Martyrum

401 3468 574 3541 corpora,
601 3441 694 3512 sicut
717 3439 753 3511 in
777 3439 939 3537 passione
963 3464 1004 3510 ac
1022 3455 1262 3515 monumento
1274 3445 1466 3543 conjuncta

402 3558 559 3645 fuerant,
574 3557 624 3628 sic
638 3555 747 3627 etiam
760 3580 908 3656 peregre
921 3554 1128 3654 profectura
1136 3556 1467 3658 jungerentur.Sed

401 3674 445 3748 de
467 3672 536 3745 boc
561 3671 716 3772 qualiter
741 3671 818 3745 lieri
839 3687 976 3769 posset,
991 3669 1223 3747 vehementer
1237 3672 1463 3776 ambigebat:

402 3807 553 3867 noverat
563 3790 661 3862 enim
673 3789 854 3864 neminem
868 3816 886 3860 a
901 3815 937 3862 se
950 3790 1157 3862 Romanum
1175 3792 1332 3865 inveniri
1345 3816 1463 3894 posse,

401 3913 463 4014 qui
482 3908 550 3983 sibi
574 3907 617 3980 ad
635 3908 704 3982 hoc
721 3907 838 3980 ullum
854 3908 967 3982 serrat
988 3908 1164 3983 auxilium
1172 3963 1184 4000 ,
1204 3909 1265 3985 sed
1289 3937 1338 3986 ne
1361 3908 1463 3985 utem

401 4026 569 4127 quidem,
584 4025 641 4096 cui
655 4022 733 4097 haec
745 4023 857 4095 animi
874 4025 928 4095 sui
946 4042 1079 4099 secreta
1095 4024 1244 4101 auderet
1262 4024 1458 4103 ostendere.

401 4146 441 4216 ln
460 4143 524 4216 bac
539 4140 657 4216 cordis
674 4141 852 4216 anxietate
865 4144 1105 4232 constitutus,
1119 4145 1257 4244 reperit
1275 4142 1459 4248 quemdem
