3166 5280
248 436 308 492 290
474 428 657 489 fltsr01ur
677 428 992 500 r'RANsLaT10N18‚
1014 448 1077 491 ιτα.

249 552 397 625 nomine
417 548 676 641 Marethrudis,
701 548 745 622 de
766 574 857 649 pago
875 548 1102 639 Wetareiba,
1128 574 1212 649 quae
1232 548 1297 621 dira

249 668 419 769 paralysis
436 666 648 766 egritudine
664 694 727 767 per
744 666 865 741 decem
880 692 993 740 annos
1011 682 1083 739 tam
1104 667 1300 741 immaniter

250 784 451 871 tenebatur,
480 799 520 855 ut
545 799 647 857 tanto
676 786 847 882 temporis
876 786 991 883 spatio
1017 810 1108 883 pene
1135 784 1300 859 nulload

250 899 423 972 humanos
447 925 531 971 usus
550 899 712 998 corporis
740 900 858 972 officio
879 899 1119 999 fungeretur5
1148 916 1186 972 et
1198 902 1300 999 jaina

251 1015 460 1115 parentibus
488 1016 559 1087 suis
588 1031 663 1088 erat
687 1013 888 1113 desperata,
915 1016 1088 1115 quoniam
1119 1014 1301 1090 adomnia

249 1150 456 1206 sanctorum
487 1132 587 1215 loca,
625 1132 667 1203 ad
693 1159 774 1231 quae
804 1133 868 1230 ipsi
904 1148 1073 1232 poterant
1098 1132 1300 1231 pervenire,

249 1250 409 1323 eamdem
426 1247 656 1322 deduxerant.
682 1250 750 1322 Sed
772 1247 916 1321 tandem
937 1248 983 1321 ab
1005 1248 1139 1322 eisdem
1159 1262 1249 1321 tunc
1266 1248 1303 1319 ad

249 1364 429 1437 basilicam
448 1365 651 1464 Martyrum
670 1362 840 1448 adducta,
866 1379 902 1437 et
922 1379 1085 1462 tempore
1106 1378 1303 1437 nocturna-

249 1481 293 1553 lis
308 1481 412 1554 officii
421 1483 521 1578 juxta
536 1480 709 1552 cancellos
724 1480 858 1577 posita,
873 1506 939 1578 per
952 1481 1080 1553 merita
1093 1494 1131 1555 et
1146 1481 1305 1553 interuer-

249 1599 388 1671 sionem
403 1596 610 1669 eorumdem
623 1595 858 1681 Sanctorum,
879 1595 942 1667 diu
953 1596 1147 1670 desiderata
1160 1597 1305 1671 sanitate

250 1715 327 1786 sine
341 1738 440 1785 mora
458 1709 587 1783 donata
604 1726 676 1798 est,
696 1711 783 1785 adeo
802 1712 938 1810 integre
954 1726 1061 1811 atque
1075 1712 1238 1811 perfecte
1252 1726 1303 1799 ut,

250 1830 414 1903 omnium
428 1828 676 1901 membrorum
690 1828 859 1901 firmitate
871 1842 1032 1925 recepta,
1046 1853 1129 1928 quae
1143 1827 1231 1901 illuc
1240 1826 1306 1901 lec·

251 1946 321 2017 tica
339 1960 506 2031 venerat,
532 1942 682 2042 pedibus
703 1942 746 2015 ad
770 1944 914 2043 propria
939 1958 1126 2017 remearet.
1154 1942 1226 2017 Sed
1247 1940 1306 2015 ulti

250 2061 399 2133 domum
412 2059 527 2131 redire
541 2061 655 2157 coepit
664 2113 674 2147 ,
694 2060 731 2130 in
747 2061 824 2157 ipso
841 2061 970 2133 itinere
983 2059 1123 2148 eadem,
1137 2084 1209 2160 qua
1224 2058 1306 2133 libe·

250 2191 364 2247 ratam
381 2200 418 2247 se
437 2172 630 2274 gaudebat,
652 2174 860 2248 infirmitate
878 2176 1087 2274 corripitur.
1110 2177 1235 2276 ltaque
1250 2198 1308 2247 re-

251 2291 424 2365 versionis
445 2317 518 2363 suoe
534 2291 786 2387 poenitentiam
804 2317 931 2391 agens,
952 2293 1084 2365 iterum
1099 2316 1137 2365 se
1153 2291 1199 2364 ad
1215 2292 1308 2365 Man

251 2425 375 2509 tyrum
392 2407 501 2479 limen
520 2407 641 2479 reduci
661 2407 812 2506 rogavit.
836 2409 993 2508 Moxque
1010 2424 1052 2480 ut
1071 2406 1215 2481 reducta
1236 2422 1306 2495 ert,

250 2551 358 2625 quam
382 2523 594 2598 discedendo
615 2525 779 2597 amiserat
800 2526 1010 2613 sanitatem,
1032 2524 1110 2598 cine
1127 2524 1202 2597 ulla
1218 2522 1307 2596 dila·

250 2641 350 2712 tione
377 2644 524 2736 recepit.
551 2637 649 2713 Voto
676 2639 784 2737 igitur
808 2638 926 2728 facto,
954 2655 996 2710 ut
1022 2664 1083 2711 sua
1113 2654 1246 2739 sponte
1267 2636 1309 2711 de

250 2757 463 2829 Sanctorum
481 2752 655 2853 obsequio
671 2758 740 2852 jam
756 2755 908 2854 amplius
922 2754 1101 2831 discedere
1113 2782 1191 2831 non
1207 2754 1310 2831 dehe-

250 2888 327 2967 ret,
345 2898 488 2972 parvam
508 2871 575 2944 sihi
597 2871 760 2944 cellulam
780 2871 874 2943 haud
894 2873 1021 2971 procul
1043 2871 1089 2945 ab
1105 2873 1253 2947 ecclesia
1269 2870 1310 2945 ud

251 2986 469 3062 manendum
488 2989 703 3075 construxit,
722 3014 762 3059 ac
783 2988 962 3088 deinceps,
979 2990 1145 3091 religiose
1162 3016 1311 3065 conver·

251 3116 323 3173 sata
352 3104 389 3172 in
416 3099 588 3201 obsequio
613 3101 802 3174 beatorum
824 3105 1050 3205 Martyrum,
1077 3130 1163 3179 cum
1184 3130 1310 3207 magne

251 3216 443 3289 devotione
460 3218 667 3315 permansit.

300 3587 360 3657 53.
388 3584 503 3656 Aliam
529 3611 675 3687 quoque
702 3586 874 3659 feminam
901 3606 1063 3677 constat,
1094 3615 1171 3663 non
1195 3590 1311 3665 multo

250 3717 352 3800 post,
379 3726 443 3798 per
465 3702 606 3775 eosdem
631 3703 853 3775 beatissimos
874 3710 1070 3805 lilartyres,
1095 3730 1231 3805 magno
1253 3706 1313 3777 in-

252 3817 442 3892 commodo
467 3816 666 3890 liberatam.
695 3820 784 3909 Quae
808 3846 862 3893 res
888 3819 957 3893 hoc
983 3822 1091 3895 modo
1112 3836 1212 3921 gesta
1241 3846 1313 3895 care

252 3934 492 4033 cognoscitur.
517 3934 559 4004 ln
581 3960 672 4031 pago
690 3934 901 4033 Nithagowe
923 3935 1055 4010 fundus
1077 3952 1151 4027 est,
1173 3936 1311 4013 Urcelia

251 4066 416 4137 vocatus,
438 4049 500 4148 qui
522 4076 539 4119 a
564 4048 704 4121 basilica
730 4050 932 4151 Martyrum
953 4079 1012 4125 ser
1031 4052 1106 4127 fere
1126 4052 1311 4157 leugarum

253 4161 441 4235 intervallo
469 4160 666 4236 dirimitur.
698 4166 738 4235 ln
765 4192 839 4264 quo
865 4165 995 4241 mulier
1019 4166 1206 4267 quaedarn,
1230 4192 1311 4241 curn
