3166 5280
248 436 288 494 st
572 428 765 490 Etnnsttol
788 425 995 490 EPISTOLAE.

248 553 321 626 suri
336 565 422 625 sunt
435 552 502 650 (ι).
523 551 572 622 Et
588 549 669 625 ideo
683 549 900 650 benignitati
914 563 1042 623 vestrm
1054 562 1209 648 quantam
1221 546 1321 621 valeo

249 670 378 770 gratias
400 694 484 768 ago,
505 682 541 740 et
557 665 692 741 obnixe
718 666 893 766 deprecor
909 681 952 736 ut
970 664 1169 740 secundum
1183 662 1321 737 bonam

251 785 549 858 consuetudinem
558 798 712 857 vestram
724 811 792 882 pro
803 811 862 857 me
875 809 1014 882 semper
1031 808 1104 857 esse
1119 781 1318 883 dignemini

251 919 323 974 tam
345 900 438 1001 apud
458 901 649 975 dominum
674 903 944 1001 imperatorem,
968 924 1078 1001 qnam
1102 898 1200 998 apud
1228 898 1320 973 filios

251 1021 346 1116 ejus,
377 1018 603 1116 maximeque
633 1018 729 1114 apud
752 1018 930 1092 domnum
958 1016 1186 1106 monrium,
1215 1017 1321 1115 juve-

250 1134 399 1233 nem(a)
417 1150 629 1234 augustum,
646 1135 683 1206 in
710 1139 810 1234 eujus
829 1139 978 1235 pietate,
997 1134 1083 1208 licet
1099 1131 1321 1223 immeritus,

250 1279 418 1353 magnam
432 1249 548 1325 habeo
563 1250 742 1325 fiduciam.
757 1255 940 1327 Caeterum
951 1278 1043 1353 rogo
1057 1278 1122 1327 vos
1135 1265 1179 1325 ut
1188 1276 1260 1352 pro
1275 1250 1320 1325 Ν.

251 1369 405 1470 pictore,
420 1367 553 1442 devoto
562 1370 710 1466 juniore
723 1385 858 1459 restro,
875 1367 1077 1445 mercedem
1087 1365 1221 1443 habere
1230 1364 1322 1441 veli·

254 1485 311 1573 tis,
332 1498 367 1557 et
385 1510 468 1557 eum
486 1484 674 1583 adjuvare,
695 1501 732 1558 et
754 1485 848 1585 apud
872 1485 1049 1559 domnum
1067 1486 1325 1585 imperatorem

253 1627 321 1702 pro
331 1598 843 1701 illointercederedignemini‚
853 1602 881 1674 si
890 1600 1226 1703 congruumlocum
1233 1598 1326 1673 vido·

254 1717 359 1808 ritis,
377 1744 423 1790 ne
439 1744 505 1817 per
522 1719 779 1818 cujuscumque
797 1716 972 1791 invidiam
988 1714 1209 1790 beneficium
1223 1738 1326 1787 suum

255 1834 419 1922 amittat,
438 1834 539 1935 quod
552 1833 710 1908 dominis
727 1834 799 1906 suis
812 1832 905 1907 bene
917 1832 1106 1908 serviendo
1118 1830 1323 1932 aequisivit.

254 1949 345 2023 Mihi
371 1978 447 2024 non
471 1969 525 2026 est
550 1979 693 2027 neeesse
714 1951 819 2025 vobis
845 1952 1058 2040 nominare,
1083 1947 1147 2050 qui
1175 1946 1252 2022 sint
1274 1943 1325 2020 illi

257 2093 349 2168 quos
380 2070 419 2141 in
445 2067 510 2142 hac
537 2097 639 2143 causa
666 2070 791 2143 timeat
800 2098 811 2158 3
841 2068 1013 2169 quoniam
1042 2067 1216 2171 aeque(3)
1237 2060 1326 2141 mibi

257 2210 297 2255 ae
316 2182 418 2257 vobis
436 2186 513 2259 noti
533 2204 632 2260 sunt.
648 2188 811 2259 Tantum
823 2211 915 2287 rogo
932 2200 996 2274 ut,
1013 2185 1051 2257 in
1067 2197 1249 2289 quantum
1260 2206 1329 2283 po-

257 2302 380 2391 testis,
398 2329 482 2377 eum
493 2304 660 2404 adjuvare
673 2304 887 2407 dignemini.
905 2306 1002 2406 Opto
1015 2320 1059 2376 ut
1076 2328 1220 2403 semper
1236 2296 1329 2377 bene

258 2415 400 2492 valeatis
415 2420 453 2493 in
468 2418 641 2495 Domino.

575 3268 683 3330 xtvl.
703 3268 753 3330 AD
775 3268 960 3331 stetten
979 3268 1016 3331 tt.

310 3427 457 3500 Summa
473 3430 706 3505 veneratione
723 3431 935 3532 dignissimo
956 3432 1020 3522 N„
1041 3431 1334 3509 reverentissimo

261 3542 401 3633 abbati,
433 3543 638 3618 Einhardus
664 3564 840 3647 peccator.
864 3546 1034 3621 —Sicut
1061 3574 1119 3622 me
1145 3548 1337 3649 petitionis

261 3689 352 3735 meae
367 3688 566 3736 memorem
585 3690 679 3754 esse,
696 3667 746 3738 sic
765 3682 801 3739 te
817 3667 1068 3764 promissionis
1086 3681 1160 3739 tute
1175 3665 1336 3741 oblitum

261 3807 334 3854 esse
365 3804 440 3853 non
466 3778 642 3873 arbitror,
670 3782 755 3856 licet
780 3784 894 3855 muita
921 3800 958 3857 et
984 3784 1078 3857 varia
1104 3810 1231 3858 rerum
1261 3786 1333 3860 im-

296 4032 337 4104 (t)
354 4029 426 4088 eod.
441 4034 644 4087 intercessum.

294 4126 335 4195 (a)
352 4125 417 4179 Hac
429 4142 481 4179 vox
494 4126 524 4180 in
536 4120 813 4181 editisdesidesatnr.

301 4212 340 4284 (5)
356 4215 426 4271 cod.
442 4235 525 4290 equa.
