3090 5302
236 431 295 491 21⁴
455 430 637 491 fllstoutu
658 430 973 503 'rususttvtouls,
996 450 1058 493 arc.

235 573 273 617 ea
285 543 342 618 die
357 543 515 618 inchoari
530 572 631 644 posse
647 547 797 619 minime
809 545 1001 619 videretur.
1017 545 1083 619 Sed
1101 546 1196 617 illam
1211 570 1287 621 uos

235 677 327 733 tram
353 659 637 750 dubitationem,
667 690 710 736 ex
738 663 947 736 infirmitate
964 661 1044 736 fidei
1067 662 1286 749 vestientur,

234 800 385 874 superna
407 778 518 875 gratia
537 803 602 876 per
622 803 769 851 suorum
789 779 915 851 merita
932 793 1167 864 sanctorum,
1187 776 1289 879 longa

233 893 336 967 aliter
351 909 459 995 atque
477 895 772 984 existimavimus,
807 895 935 971 babere
957 922 994 969 se
1017 895 1126 984 lecit3
1149 893 1292 995 quando

234 1011 347 1098 viam,
363 1036 430 1110 per
445 1038 552 1112 quam
574 1013 801 1100 incessimus,
821 1013 859 1084 in
876 1011 980 1084 aliam
998 1036 1107 1112 quam
1125 1008 1292 1110 spenbs-

234 1143 295 1199 tur
315 1128 523 1227 qualitatem
549 1128 700 1201 vidimus
716 1128 825 1203 fuisse
847 1144 1104 1203 commutatam
1124 1156 1134 1200 s
1160 1152 1245 1201 uam
1260 1142 1295 1199 et

235 1242 301 1315 luti
320 1270 447 1343 parum
466 1245 684 1333 invenimus,
701 1259 738 1319 et
756 1246 871 1333 rivos,
889 1246 952 1345 qui
971 1246 1008 1317 in
1028 1260 1101 1316 tam
1115 1242 1244 1343 grandi
1256 1268 1295 1313 ac

228 1361 307 1461 jugi
322 1360 460 1461 pluvia,
481 1376 522 1434 ut
538 1389 576 1436 ea
591 1377 697 1436 nocte
714 1377 791 1436 erat
804 1415 815 1449 ,
830 1388 988 1436 crescere
1001 1358 1188 1447 solebant,
1206 1384 1295 1459 pene

235 1478 325 1551 nibil
348 1480 498 1553 crevisse
521 1479 732 1579 reperimus.
760 1477 830 1551 Ubi
855 1504 942 1553 vero
964 1476 1009 1551 de
1034 1477 1128 1551 saltu
1145 1476 1292 1575 egressi,

231 1596 412 1693 proximas
427 1595 529 1668 villas
542 1599 766 1682 accessimus,
782 1595 1031 1696 frequentibus
1044 1592 1242 1669 obviorum
1258 1618 1294 1665 ac

233 1712 309 1787 Deo
331 1713 450 1787 laudes
470 1713 667 1787 dicentium
687 1713 802 1787 turbis
819 1715 1019 1813 excipimur
1039 1742 1049 1785 e
1067 1713 1131 1814 qui
1148 1738 1216 1785 uos
1234 1736 1294 1810 per

233 1845 317 1903 octo
331 1827 405 1902 sere
424 1830 608 1931 leugarum
624 1832 777 1931 spatium
795 1831 975 1913 comitati,
990 1828 1095 1904 uobis
1108 1852 1151 1901 sc
1164 1828 1292 1901 uostris

235 1947 321 2017 etin
339 1971 439 2020 sacro
456 1972 565 2021 onere
583 1946 731 2023 feresido
745 1947 865 2022 devoti
883 1946 1083 2047 adjutores,
1099 1961 1136 2019 et
1153 1945 1192 2016 in
1209 1944 1292 2017 divi·

235 2062 290 2132 nis
305 2060 468 2134 laudibus
484 2063 642 2136 dicendis
662 2064 805 2163 impigri
826 2064 926 2137 fuere
946 2076 1196 2137 concentores.

289 2792 347 2863 tu.
368 2790 416 2862 Aa
433 2788 493 2863 ubi
508 2790 681 2877 vidimus,
701 2791 799 2891 quod
816 2816 853 2863 ea
868 2790 925 2864 die
945 2790 989 2862 ad
1004 2789 1125 2864 locum
1139 2790 1294 2864 destina·

239 2923 318 2979 tum
340 2907 527 3006 pervenire
549 2931 625 2980 non
645 2922 867 3005 poteramus,
887 2906 1097 2980 divertimus
1113 2903 1158 2977 ad
1179 2902 1295 2977 villam

241 3022 400 3097 Ostheim
415 3024 646 3123 appellatam,
668 3050 749 3123 quae
763 3025 830 3096 viae
842 3038 976 3098 nostra
988 3023 1157 3122 contigua
1174 3044 1298 3095 cerne-

241 3141 373 3231 batur3
392 3156 429 3213 et
442 3143 638 3215 inclinante
650 3145 724 3240 jam
735 3167 897 3242 vespera,
913 3143 950 3215 in
957 3140 1138 3213 basilicam
1149 3140 1192 3211 Β.
1206 3138 1299 3211 Mar·

244 3260 331 3345 tini,
347 3284 429 3360 quae
442 3259 482 3331 in
500 3257 621 3333 eadem
635 3259 717 3331 villa
732 3275 804 3346 est,
823 3274 942 3331 sancta
959 3258 1018 3331 illa
1032 3280 1183 3356 corpora
1199 3255 1299 3327 intu-

244 3369 1298 3453 limus:etsociisnostrisadexcubiasducendasibidimissis‚

244 3520 311 3591 ego
323 3516 406 3564 cum
418 3492 556 3591 patrois,
570 3491 613 3564 ad
623 3491 743 3565 locum
752 3516 826 3591 quo
837 3487 1087 3574 tendebamus,
1102 3482 1301 3560 festinando

245 3610 427 3708 praecessi,
448 3625 484 3681 et
502 3636 559 3698 ea,
578 3634 658 3710 qum
675 3607 719 3680 ad
738 3608 979 3707 receptionem
1000 3620 1208 3678 sanctorum
1221 3626 1302 3677 cov-

246 3756 377 3831 porum
401 3755 483 3800 usus
511 3726 732 3828 postulabat,
759 3750 825 3826 per
846 3741 989 3799 noctem
1012 3723 1224 3823 praeparavi.
1251 3716 1300 3793 Ad

247 3849 426 3923 basilicam
449 3874 554 3933 veru,
572 3849 609 3919 in
626 3874 694 3947 qua
710 3846 857 3918 illorum
878 3857 1144 3918 sacrosanctum
1161 3839 1299 3915 tbessu·

248 3993 329 4038 rum
353 3965 569 4049 dimisimus,
596 3960 874 4035 sanctimonialis
899 3958 1064 4061 quedam
1087 3954 1299 4057 paralytica,

250 4083 395 4155 nomine
421 4081 629 4180 Ruodlang,
655 4080 698 4151 de
718 4078 936 4151 monasterio
967 4072 1179 4165 Makesbab,
1208 4066 1299 4171 quod

248 4200 293 4270 ab
311 4199 430 4271 rudem
444 4198 586 4271 ccclesia
605 4197 711 4271 unius
725 4195 835 4293 leugae
851 4197 965 4295 spatio
976 4193 1197 4293 disparatum
1209 4200 1298 4273 erat,
