3090 5302
235 475 275 535 68
560 469 753 531 EtNttthtl
776 469 983 534 EPISTOLAE.

236 591 398 690 iujurias,
416 587 462 661 ab
486 588 618 690 iniquis
637 589 779 690 regibus
802 588 903 663 vobis
923 591 1051 679 illatas,
1073 591 1223 668 fortites·
1244 610 1309 669 rt·

235 707 374 806 pulistis
398 705 475 802 (r),
499 719 537 776 et
560 704 761 779 crudelitati
789 721 897 805 atque
917 703 1077 780 aviditati
1100 708 1157 806 (a)
1178 735 1306 783 eorum

234 825 388 898 viriliter
409 822 602 896 restitistis.
623 822 729 916 Quod
752 838 789 898 et
812 850 875 900 ros
892 822 1002 898 modo
1024 823 1142 899 facere
1164 826 1307 901 multo-

233 968 316 1014 rum
334 940 510 1014 relatione
529 938 734 1013 didicimus.
754 940 984 1040 Quapropter
999 942 1222 1043 complacuit
1238 971 1308 1018 no-

231 1059 288 1131 bis
307 1059 350 1131 ad
373 1084 437 1133 vos
461 1057 522 1130 has
542 1057 678 1130 litteras
694 1057 868 1158 dirigere,
889 1083 1024 1158 vosque
1041 1059 1225 1135 consolari
1248 1076 1307 1134 at-

232 1203 304 1277 que
321 1175 504 1250 exhortari
522 1190 563 1246 ut
578 1177 616 1247 in
635 1201 688 1260 ea,
707 1201 776 1275 qua
793 1175 966 1274 coepistis,
984 1175 1163 1249 libertatis
1177 1193 1305 1251 vestrae

231 1293 444 1367 defensione·
458 1307 584 1366 contra
604 1291 889 1366 crudelissimum
908 1312 1029 1392 regem
1046 1297 1305 1391 perseveretis,

233 1426 268 1484 et
282 1411 400 1484 furori
415 1425 523 1510 atque
537 1409 684 1481 saevitiae
699 1408 808 1497 illius,
826 1409 952 1508 [sicut]
969 1410 1141 1484 hactenus
1156 1411 1303 1497 fecistis,

233 1527 359 1602 cedere
373 1552 448 1600 non
466 1525 680 1627 dignemini.
707 1527 756 1597 Et
778 1527 864 1627 quia
884 1525 979 1599 idem
1000 1553 1064 1600 rex
1087 1529 1306 1603 certissimos

233 1645 453 1718 adversarius
467 1659 503 1715 et
522 1643 690 1717 inimicus
704 1659 776 1716 tam
789 1658 915 1735 noster
926 1670 1037 1745 quam
1050 1659 1086 1718 et
1098 1663 1218 1720 vester
1232 1665 1303 1733 cst,

233 1763 419 1835 communi
432 1759 585 1836 consilio
596 1777 722 1833 contra
736 1760 910 1833 saevitiam
922 1762 977 1860 (3)
990 1763 1065 1861 ejus
1076 1760 1303 1838 dimicemus.

234 1880 410 1954 Volumus
439 1880 561 1965 enim,
591 1904 675 1952 curn
704 1879 767 1952 Dei
801 1878 1065 1978 omnipotentis
1096 1880 1303 1982 adjutorio,

233 1998 398 2099 proxima
422 2012 545 2071 aestate
569 1997 767 2069 exercitum
788 2011 954 2070 nostrum
976 1996 1021 2069 ad
1036 2022 1196 2073 marcam
1219 2025 1305 2074 nos-

233 2129 327 2188 tram
346 2115 403 2215 (4)
418 2113 584 2201 mittere,
600 2130 642 2186 ut
655 2113 704 2187 ibi
720 2128 942 2215 praeparatus
954 2113 1072 2190 sedeat
1089 2131 1128 2190 et
1142 2132 1306 2217 expectet

233 2230 349 2307 donec
364 2256 429 2305 ros
444 2229 621 2303 mandetis
640 2230 788 2331 quando
805 2256 1022 2329 promovere
1037 2229 1188 2324 debeat,
1211 2235 1240 2306 si
1259 2234 1306 2307 ita

235 2350 337 2425 robis
353 2348 497 2423 bonum
510 2347 626 2420 visum
640 2347 764 2434 fuerit,
784 2364 825 2420 ut
840 2364 992 2449 propter
1006 2373 1070 2423 vos
1086 2348 1306 2450 adjuvandos

234 2467 401 2543 eumdem
426 2467 626 2540 exercitum
656 2480 784 2538 contra
816 2492 1026 2540 communes
1053 2467 1110 2565 (5)
1142 2467 1308 2543 inimicos

233 2601 392 2674 nostros,
411 2583 476 2684 qni
495 2583 532 2655 in
548 2608 668 2655 marca
683 2597 806 2656 nostra
828 2581 999 2671 resident,
1018 2582 1217 2683 dirigamus
1238 2614 1248 2657 ι
1266 2581 1308 2655 ad

234 2705 366 2791 hocut,
376 2703 404 2776 si
412 2699 673 2793 Abdirhaman,
685 2700 740 2774 vel
751 2699 928 2775 exercitus
939 2702 1027 2799 ejus,
1037 2715 1165 2774 contra
1176 2726 1306 2776 rosve-

234 2824 315 2896 nire
327 2820 497 2907 voluerit,
518 2818 575 2890 isti
595 2845 659 2917 per
673 2833 841 2891 nostrum
852 2815 1052 2891 exercitum
1064 2815 1308 2917 impediantur

236 2954 279 3011 ut
300 2937 352 3009 illi
377 2952 415 3010 et
436 2935 610 3009 exercitui
628 2936 685 3032 (6)
703 2938 777 3033 ejus
800 2935 838 3007 in
856 2932 1078 3033 adjutorium
1102 2951 1233 3009 contrs
1248 2960 1308 3008 vos

237 3055 360 3128 venire
377 3079 453 3127 non
470 3051 624 3125 valeant.
645 3051 736 3124 Nam
755 3066 872 3125 certos
889 3077 953 3126 ros
976 3049 1125 3124 facimus
1141 3051 1264 3153 qnod,
1281 3051 1306 3124 si

236 3174 282 3247 ab
313 3172 377 3245 illo
402 3197 466 3245 vos
493 3184 670 3257 avertere,
700 3186 737 3245 et
758 3168 802 3243 ad
823 3196 890 3244 nos
912 3185 1125 3245 convertere
1150 3169 1308 3245 volueri-

238 3290 303 3375 tis,
328 3286 475 3387 antiqua
499 3284 665 3360 libertate
688 3300 803 3360 vestra
829 3285 911 3384 (7),
935 3283 1142 3384 plenissime
1171 3301 1211 3359 et
1236 3286 1308 3357 sine

237 3406 309 3479 ulla
332 3403 594 3489 diminutione,
622 3400 726 3476 vobis
748 3403 801 3475 nti
832 3402 1082 3487 concedimus,
1110 3415 1149 3473 et
1178 3400 1307 3503 absque

273 3752 314 3821 (ι)
332 3744 402 3805 Cod·
417 3744 571 3816 reppulisti.

275 3841 316 3906 (a)
333 3830 405 3892 Cod·
419 3828 561 3886 aviditate.

275 3926 314 3999 (3)
331 3922 404 3983 cod.
417 3922 567 3978 servitium.

276 4018 316 4087 (l)
335 4011 412 4067 Fdit.
425 4018 560 4066 vestium.

278 4102 317 4173 (5)
334 4099 406 4157 eod.
420 4116 582 4154 commum.

247 4246 253 4254 ,
277 4192 316 4262 (6)
334 4189 410 4247 Edit.
424 4190 572 4244 exercitus.

278 4284 316 4355 (7)
334 4279 404 4334 Cod.
420 4288 554 4333 nestram.
