3090 5302
240 404 299 463 318
464 400 646 461 HISTORIA
668 398 985 469 immutaturus,
1008 418 1070 459 mc.

240 524 332 614 ruit,
351 537 388 595 et
404 521 570 595 similiter
590 538 630 593 ut
653 537 737 594 aute
762 521 1018 619 imperaverat,
1041 517 1298 593 adoratorium

239 664 385 739 pergere
402 638 584 736 praecepit.
603 638 702 710 Fecit
721 638 801 723 ille,
825 653 866 709 ut
880 639 999 735 jussus
1017 636 1159 723 luerat,
1180 636 1241 709 ced
1258 664 1300 711 ue

240 775 326 829 tuuc
344 753 491 854 quidem
509 754 644 855 aliquid
664 771 784 827 actum
800 770 865 827 est.
883 755 1011 828 Tertio
1024 780 1113 827 vero
1135 780 1301 829 comm-

240 874 336 945 uitus
354 872 474 960 veuit,
491 886 528 944 ct
546 869 609 942 ubi
626 898 748 943 coram
766 870 870 943 altari
888 871 933 943 ad
948 871 1128 945 orandum
1144 898 1183 945 ee
1199 898 1302 970 pmc-

239 989 365 1075 travit,
386 987 502 1059 visum
524 988 672 1085 recepit.
702 989 806 1059 lluuc
832 1014 916 1075 uos,
938 987 1027 1059 dum
1049 986 1167 1059 adhuc
1191 1012 1303 1059 caecus

236 1122 346 1194 esset,
380 1108 476 1179 iuter
504 1106 592 1178 ulios
623 1132 795 1205 pauperes
825 1132 865 1178 ac
890 1104 1023 1179 debiles
1050 1105 1238 1179 multoties
1267 1106 1302 1177 iu

236 1222 348 1295 domo
370 1239 491 1295 nostra
520 1220 785 1295 mendicantem
809 1221 994 1295 vidimus:
1020 1221 1172 1323 ideoque
1193 1220 1301 1293 alium

238 1339 512 1413 illuminationis
531 1340 605 1437 ejus
622 1354 748 1413 testem
768 1365 844 1413 non
859 1339 1111 1439 quesivimus,
1125 1339 1212 1439 quia
1226 1336 1302 1411 cul-

239 1455 344 1530 liccre
371 1454 476 1530 nobis
505 1455 733 1529 credebamus
766 1457 1013 1531 testimonium
1041 1482 1117 1531 nou
1149 1456 1303 1529 lallcutis

237 1576 468 1649 conscientiae
486 1589 633 1649 nostrae.

289 2521 350 2591 65.
371 2520 463 2591 Cum
476 2544 519 2590 ex
535 2515 589 2590 hie
604 2470 753 2618 aliisque
768 2518 1017 2619 compluribus
1030 2522 1207 2593 virtutum
1225 2546 1305 2621 upe-

239 2634 461 2728 rationibue‚
479 2660 544 2733 per
558 2636 833 2735 circumpositos
847 2637 944 2709 vicoa
958 2653 995 2711 et
1007 2662 1129 2738 pegae,
1143 2638 1305 2711 alutaris

238 2752 330 2825 lama
353 2751 613 2840 crebresceret,
642 2754 774 2826 mulier
795 2754 960 2854 quoedem
984 2754 1030 2829 de
1053 2782 1146 2857 pugo
1167 2754 1303 2829 lliliuu·

238 2871 357 2956 reusi,
379 2869 495 2943 multu
512 2875 588 2967 jam
608 2884 770 2968 tempore
786 2896 902 2955 caeca,
922 2872 1039 2944 vicum
1054 2872 1306 2971 recipiendia

236 2985 454 3060 desiderium
469 2986 576 3059 simul
593 3001 629 3060 et
647 2986 814 3059 liduciam
831 2984 985 3073 habeus,
1004 2986 1048 3060 ud
1065 3004 1305 3063 memmtum

237 3105 441 3177 oratorium
465 3130 502 3176 ee
524 3104 667 3203 rogavit
689 3102 828 3176 adduci.
856 3104 1020 3205 Cumque
1044 3104 1109 3181 illo
1131 3106 1303 3191 venient,

238 3235 310 3295 trec
333 3235 429 3295 totas
450 3218 548 3308 dice,
569 3221 790 3321 totidemque
812 3236 938 3295 noctes
957 3220 1092 3297 ibidem
1107 3221 1252 3297 orande
1269 3236 1306 3297 et

231 3336 430 3437 jejunando
455 3337 695 3411 continuavit.
720 3336 790 3411 Sed
812 3362 895 3411 cum
920 3336 965 3410 ad
984 3362 1143 3436 prieneus
1163 3336 1306 3413 uullun

238 3454 278 3525 iu
299 3480 337 3527 se
358 3470 537 3551 exoptatae
560 3454 722 3527 sanitatis
748 3456 913 3529 semistet
934 3453 1130 3543 iudicium,
1154 3452 1306 3531 dnum

236 3570 381 3645 reducta
401 3589 472 3658 est;
497 3573 691 3672 paucisque
715 3572 937 3671 interpositio
959 3570 1104 3659 diebus,
1127 3598 1191 3671 spe
1210 3572 1307 3647 reci·

235 3688 357 3788 piendi
376 3689 525 3763 luminis
541 3689 634 3764 haud
651 3717 742 3765 rane
758 3706 951 3791 concepta,
974 3693 1105 3766 iterum
1127 3718 1165 3767 ee
1182 3692 1230 3765 ad
1247 3714 1305 3764 ee·

234 3827 311 3873 cras
329 3801 499 3901 reliquias
516 3801 644 3875 deduci
662 3804 815 3903 rogavit.
835 3802 919 3896 Quo
936 3828 1021 3877 cum
1035 3800 1083 3877 ab
1099 3827 1177 3879 uuo
1192 3826 1305 3901 puem

232 3915 479 3992 duceretur-
492 3946 575 3991 riam
588 3922 652 4019 qui
666 3922 767 4020 prius
774 3948 852 3995 eam
869 3921 934 3995 illo
947 3920 1304 4021 &dapmnum

234 4037 309 4132 ejus
327 4037 426 4109 velut
442 4038 585 4110 inanem
598 4066 638 4110 ac
653 4039 1136 4137 supervacuamjudicentee,
1155 4038 1304 4113 ulterius

232 4176 314 4221 cum
335 4152 390 4223 illa
413 4154 463 4227 ire
479 4155 679 4229 noluerunt
698 4153 822 4229 -ubi
839 4155 1148 4231 adcoemeterium
1161 4154 1303 4255 Aquen-
