3090 5302
236 514 273 568 10
557 508 751 570 Etnflsltnt
775 507 982 569 ttrlsTotAE.

230 643 270 702 et
289 631 422 714 matre,
442 628 535 701 sicut
556 630 724 729 rogastis,
746 628 930 703 licentiam
946 624 1104 702 habeant
1119 627 1305 703 vobiscum

234 741 424 831 manendi,
450 757 487 818 et
508 771 655 819 censum
677 769 784 818 suum
802 744 905 817 annis
928 742 1078 846 singulis
1099 745 1306 845 persolvant

234 859 341 933 ad‘S.
365 859 577 950 Servatum,
608 863 702 935 sicut
730 862 780 935 eis
807 889 827 933 a
854 858 1029 934 fratribus
1055 862 1191 936 nostris
1217 888 1306 936 con-

233 977 403 1051 stitutum
424 993 491 1053 est.
516 979 569 1053 De
588 978 819 1053 ordinatione
840 1003 928 1053 sero
949 978 1107 1078 ejusdem
1125 979 1247 1054 clerici
1270 980 1304 1050 in

234 1108 350 1165 vestra
374 1094 421 1166 sit
445 1109 642 1194 potestate,
666 1110 709 1167 ut
734 1094 817 1168 inde
843 1093 981 1167 faciatis
1006 1094 1181 1197 quicquid
1203 1093 1307 1169 vobis

233 1211 416 1309 optimum
438 1239 512 1287 esse
530 1212 714 1287 videbitur
730 1243 738 1283 ε
756 1212 842 1314 quia
867 1237 931 1286 vos
953 1229 990 1286 et
1014 1236 1134 1286 mores
1158 1227 1196 1286 et
1219 1237 1306 1286 oon·

234 1327 473 1402 versationem
493 1329 588 1402 illius
605 1329 842 1430 cognoscitis,
861 1344 898 1402 et
914 1328 1012 1402 scitis
1032 1344 1159 1402 utrum
1176 1327 1222 1400 ad
1240 1326 1307 1399 ali·

232 1469 343 1543 quam
359 1444 628 1520 ordinationem
647 1472 784 1519 sacram
806 1444 1069 1545 suscipiendam
1086 1447 1142 1544 (ι)
1158 1444 1307 1520 idoneus

232 1560 292 1634 sit.
309 1560 406 1662 Opto
420 1565 647 1638 sanctitatem
660 1579 836 1651 vestram,
854 1563 970 1637 nostri
986 1586 1205 1651 memorem,
1220 1585 1307 1637 sem·

234 1702 299 1774 per
317 1676 354 1750 in
374 1677 520 1756 Christo
536 1678 630 1755 bene
645 1681 776 1754 valere.

401 1903 457 1965 vl.
480 1904 531 1963 ΔΙ)
553 1903 785 1964 EGILOLFUM
807 1901 857 1962 ET
879 1900 1142 1962 HUNBERTUM.

286 2046 533 2123 Dilectissimis
553 2052 592 2123 in
606 2048 752 2124 Christo
772 2049 947 2123 fratribus
965 2066 1003 2124 et
1016 2051 1155 2125 devotis
1174 2048 1306 2124 Christi

236 2164 401 2253 famulis,
422 2166 583 2268 Egiloifo
602 2184 639 2242 et
662 2166 875 2256 Hunberto,
899 2181 1072 2243 aeternam
1092 2170 1128 2243 in
1146 2168 1307 2242 Domino

237 2281 401 2355 salutem.
415 2328 464 2341 —
478 2285 561 2358 Scio
577 2312 641 2360 vos
656 2311 732 2359 non
749 2285 860 2360 latere
878 2284 978 2386 quod
994 2283 1104 2361 bonae
1121 2287 1307 2360 memorias

236 2399 464 2500 Wolfgarius
487 2403 695 2502 episcopus,
721 2427 780 2475 me
797 2417 962 2501 petente,
987 2400 1217 2476 beneficiavit
1237 2401 1308 2477 ho-

236 2517 326 2589 mini
342 2536 469 2594 nostro
481 2517 675 2606 Gerberto,
690 2518 727 2591 in
744 2544 836 2621 pago
848 2514 1073 2619 Dubargawe
1085 2521 1158 2619 (2),
1173 2519 1211 2593 in
1226 2520 1308 2595 toco

236 2634 300 2733 qui
322 2633 457 2708 dicitur
479 2635 641 2737 Asgbah,
662 2637 707 2712 de
729 2637 871 2711 ratione
893 2636 931 2708 S,
958 2636 1091 2710 Kiliani
1107 2637 1182 2734 (3),
1201 2663 1308 2709 mnn-

234 2775 291 2823 sos
313 2777 351 2823 111
370 2769 407 2825 et
423 2754 601 2854 mancipia
623 2780 690 2828 xrs.
714 2753 784 2828 Sed
808 2755 893 2856 quia
917 2756 954 2827 in
979 2755 1049 2827 hoc
1072 2754 1208 2827 diutius
1230 2780 1309 2826 ma-

235 2890 322 2940 nere
336 2895 412 2942 non
424 2871 565 2969 potuit,
583 2868 650 2944 nisi
665 2869 753 2944 dum
768 2870 829 2945 ille
841 2871 877 2942 in
890 2895 1044 2973 corpore
1057 2868 1163 2958 vixit,
1179 2895 1310 2969 precor

235 2980 497 3083 benignitatem
508 3003 664 3060 vestram
676 3003 718 3058 ut
730 3003 973 3060 memoratum
985 2981 1207 3059 Gerbertum
1220 2984 1308 3058 iilud

236 3093 453 3173 beneficium
467 3103 521 3202 (4)
537 3099 668 3176 habere
681 3103 916 3202 permittatis,
933 3103 1026 3175 sicut
1042 3101 1152 3178 modo
1166 3099 1307 3190 hebuit,

235 3241 348 3317 usque
365 3217 454 3291 dum
472 3217 511 3292 in
527 3215 592 3292 hac
608 3218 689 3293 sede
705 3220 894 3320 episcopus
909 3218 1021 3294 fuerit
1041 3219 1229 3294 ordinatus
1239 3247 1250 3307 3
1271 3231 1308 3293 et

237 3332 412 3407 interme
439 3349 475 3409 et
498 3334 601 3409 illum
625 3338 837 3411 convenerit
861 3332 1012 3438 quidde
1031 3338 1109 3438 ipso
1129 3334 1307 3412 beneficio

271 3704 310 3772 (ι)
328 3701 400 3759 cod.
408 3702 449 3758 cd
458 3705 580 3777 aliquem
588 3705 793 3762 ordinationem
804 3726 915 3761 sacrum
928 3705 1145 3780 suscipiendum.

271 3806 311 3877 (a)
329 3807 383 3862 Hic
398 3806 473 3863 idem
485 3818 528 3863 est
539 3826 571 3863 sc
583 3807 629 3864 me
646 3828 734 3884 pagos
746 3809 907 3865 nominibus
921 3809 1114 3883 Daburgowe,
1133 3809 1305 3884 Tubergow,

241 3895 417 3968 Tubergewe
434 3908 464 3953 et
489 3899 698 3971 Tubesecgewe
715 3901 745 3955 in
765 3899 906 3955 chronicis
923 3909 953 3955 et
965 3898 1165 3974 diplomatibus
1176 3899 1306 3974 designs·

237 3995 292 4039 tus.
313 3985 380 4041 vid.
397 3987 564 4056 Besselium‚
586 3989 689 4046 Chion.
712 3991 911 4046 Gottwicensr‘s
927 3989 1108 4062 prostremus,
1121 4009 1185 4065 pars
1204 3991 1304 4058 altera,

238 4093 266 4129 n.
278 4094 396 4146 ccccsrs,
410 4099 438 4152 p.
453 4078 514 4155 817.

271 4180 310 4254 (3)
328 4184 398 4240 Cod.
412 4186 441 4240 S.
456 4186 578 4259 cyliani.

272 4287 312 4355 (d)
329 4286 399 4342 Cod-
410 4287 484 4344 illud
492 4287 527 4344 de
544 4288 718 4362 beneficium.
