3090 5302
239 416 297 475 418
569 412 760 472 Etnrtlttut
783 412 957 472 cnam.

622 689 660 748 ll.
687 688 914 750 DESCRIPTIO

352 855 507 923 Locorum,
524 852 765 929 terminorumquc
784 851 858 909 villae
871 851 1057 913 Michelrtadt
1071 855 1108 911 alr
1123 856 1186 935 ipsu

610 951 755 1012 Einhardo
773 953 846 1013 lacta
861 955 918 1037 (r).

282 1172 460 1267 Quoniam
478 1188 562 1243 sunt
579 1170 744 1271 quidam,
763 1173 825 1272 qui
840 1170 934 1245 fastu
949 1174 1099 1249 seculari
1113 1193 1293 1281 turgentes

233 1309 268 1367 ut
286 1292 490 1388 semetipsos
506 1303 677 1376 amantes,
699 1314 717 1359 a
731 1287 863 1360 Christi
880 1287 1045 1364 fidelibus
1061 1296 1171 1367 sacris
1188 1298 1294 1371 ecclc·

233 1412 291 1482 siis
312 1436 374 1482 seu
394 1405 619 1480 monasteriis
642 1404 842 1477 contradita
860 1407 1056 1497 invadunt,
1081 1428 1146 1485 aut
1164 1428 1208 1485 ut
1229 1412 1294 1489 siti

232 1525 458 1601 haereditario
466 1527 548 1622 jure
560 1523 754 1614 retineant,
769 1538 830 1594 aut
843 1523 1014 1598 mundiali
1028 1524 1177 1603 baltheo
1190 1529 1296 1607 inbe-

233 1643 362 1717 nefioio
378 1639 538 1713 dividant
562 1669 569 1709 :
592 1665 660 1738 ego
684 1638 909 1727 Einhardus,
929 1666 975 1715 ne
992 1642 1030 1714 in
1050 1640 1129 1734 his,
1153 1670 1237 1746 quae
1253 1646 1295 1721 de

233 1761 329 1862 regia
339 1786 448 1832 manu
461 1756 662 1831 llludowici
680 1757 905 1855 imperatoris
919 1757 957 1830 in
969 1757 1052 1833 loco
1065 1758 1295 1835 Michleustat

233 1875 409 1961 contraxi,
425 1898 550 1944 manus
563 1870 771 1971 iniquorum
784 1870 987 1969 praevaleat,
1001 1872 1179 1964 advertat,
1197 1874 1295 1951 oboe-

235 2018 311 2081 cro,
331 1990 488 2065 fidelium
509 2004 581 2060 tam
601 1988 827 2088 sequentium
846 2015 955 2090 quam
971 1993 1209 2090 praesentium
1226 2022 1296 2069 me·

234 2107 371 2196 moria,
388 2104 541 2205 qualiter
561 2106 598 2177 iu
621 2130 734 2175 uuum
757 2104 830 2176 sint
851 2105 1018 2197 collecta,
1040 2107 1220 2209 quibusve
1235 2138 1297 2185 ex·

235 2249 351 2323 pressa
359 2217 552 2295 vocabulis.
561 2220 752 2319 Postquam
765 2245 847 2292 eum
862 2219 982 2295 locum
992 2226 1297 2321 praenominatum

236 2336 589 2411 laureshamensium
623 2333 861 2409 dominationi
898 2334 1089 2439 subjugare
1115 2340 1296 2443 disposui,

239 2455 378 2528 adscitis
404 2450 535 2553 quibus
557 2464 687 2525 notum
705 2449 843 2539 fuerat,
866 2455 1062 2528 terminum
1074 2471 1113 2531 et
1127 2458 1300 2535 combula

240 2573 404 2655 locorum
430 2567 621 2669 diligenter
644 2567 869 2668 investigavi,
899 2586 936 2643 et
963 2573 1101 2645 recenti
1129 2578 1299 2651 memoria

242 2688 423 2764 notarium
447 2710 566 2758 meum
584 2679 781 2755 Lutherum
804 2686 1004 2783 exprimere
1027 2687 1161 2763 litteris
1179 2694 1299 2793 jussi:

244 2835 282 2881 ea
299 2804 463 2879 videlicet
478 2802 818 2899 circumspectione,
842 2804 924 2903 quia
941 2804 1145 2881 multorum
1161 2837 1302 2887 monae

246 2924 421 2998 teriorum
433 2919 481 2992 eis
497 2916 629 3016 praedia
644 2921 934 3017 conjunguntur,
953 2934 990 2993 et
1001 2920 1230 3001 diversorum
1242 2928 1301 3003 do-

146 3074 159 3105 ·
245 3042 429 3114 minorum
449 3033 619 3108 beneficia
646 3033 923 3135 circumquaque
944 3038 1201 3115 terminantur.
1222 3044 1301 3121 Hac

248 3159 359 3258 igitur
373 3158 610 3226 terminorum
629 3150 704 3223 loca
715 3165 751 3222 et
763 3150 926 3225 locorum
938 3153 1110 3229 vocabula
1122 3157 1301 3263 designan-

251 3291 309 3347 tur
318 3273 387 3346 lmc
396 3269 505 3343 modo
518 3300 526 3339 ε
540 3268 660 3339 Duma
673 3284 797 3342 moute
807 3269 1032 3345 Mamcuhart
1041 3274 1096 3373 (a)
1110 3277 1299 3379 incipiunt,

248 3409 286 3467 et
305 3407 425 3463 totum
440 3387 592 3460 eundem
607 3401 767 3459 montem
787 3412 896 3487 usque
910 3386 953 3459 ad
970 3388 1126 3487 plateam
1141 3419 1303 3499 compre·

251 3502 430 3587 hendunt;
450 3525 468 3570 a
485 3497 726 3597 plateamque
748 3495 791 3569 ad
806 3497 986 3597 duplicem
999 3526 1178 3601 quercum
1188 3536 1201 3595 ς
1227 3506 1304 3581 iude

255 3697 290 3706 .—

285 3791 325 3861 (ι)
342 3787 475 3860 lmprime
488 3802 538 3857 par
549 3783 664 3851 Frchcr,
678 3784 745 3837 Iler.
754 3803 841 3855 germ.
856 3784 969 3857 Script,
981 3784 1013 3853 1,
1026 3784 1305 3865 655Hdffi,1,.

253 3890 341 3960 liquit.
363 3880 505 3943 Laura'tlr„
523 3899 550 3952 p.
571 3876 620 3946 ὥς
640 3878 792 3949 Toluemr,
817 3879 884 3935 cod.
903 3879 1051 3955 diplomat.
1070 3884 1214 3959 Palm„
1230 3910 1260 3967 Ρ,
1275 3910 1306 3969 73

252 3982 434 4047 Weinclccns,
449 3979 556 4051 Egiulr.
570 3979 711 4047 illustrat,
730 3997 759 4051 p.
777 3996 842 4053 ¹⁰7³
856 3990 885 4035 et
894 3990 961 4036 torn.
976 3980 1006 4052 1,
1020 4001 1051 4056 p.
1062 3984 1113 4055 48,
1127 4002 1161 4045 ῃ.
1172 4008 1235 4063 ω,
1246 3990 1308 4051 h

192 4110 195 4115 ·
251 4080 277 4135 lc
293 4078 388 4134 Codex
401 4076 583 4132 Laureslmm.

287 4179 325 4247 (a)
343 4174 525 4245 aujourd'lmi
541 4173 673 4239 llomart,
686 4173 701 4225 l
714 4174 727 4239 ξ
739 4170 811 4227 lieuc
823 4172 859 4227 N.
873 4170 908 4228 de
921 4172 1110 4233 Michclmdt.
