3090 5302
237 340 299 401 350
462 338 646 401 nlswntt
667 336 989 413 rntnstmonts,
1011 360 1072 400 erc.

237 458 421 557 Trajectus
440 474 604 545 vocatur,
623 473 662 530 et
682 456 790 530 distat
810 454 858 528 ab
878 456 1037 558 Aquensi
1057 456 1196 557 puletio
1214 474 1298 537 octo

236 576 380 650 circiter
392 575 529 674 leugas,
545 590 669 676 estque
682 572 925 647 habitantium
936 590 974 648 et
991 577 1177 677 praecipue
1188 604 1299 681 nego·

237 693 408 767 tiatorum
419 692 653 766 multitudine
665 691 986 793 frequentissimus.
997 693 1107 795 Cujus
1119 710 1258 786 textus,
1271 698 1298 771 si

236 812 326 883 benc
334 808 470 898 recolo,
480 809 519 881 in
529 809 1008 885 huncmodumvidetnresee
1015 812 1301 913 compositus.-

234 924 418 999 Adventus
431 941 639 999 sanctorum
652 925 784 999 Christi
802 942 1027 1029 martyrum,
1045 928 1249 1005 Marcellini
1265 946 1300 1009 et

234 1043 401 1136 Petri,ad
411 1046 531 1119 vicum
542 1045 766 1144 Trajectnm‚
776 1046 929 1147 contigit
940 1046 1057 1145 pridie
1066 1072 1183 1123 nonas
1187 1050 1297 1149 junii.

233 1162 328 1236 Num
341 1162 419 1262 ipso
430 1163 489 1236 die
500 1163 601 1237 venit
613 1162 663 1237 cis
681 1160 882 1238 obviemde
894 1163 1021 1237 eodem
1033 1165 1115 1239 rino
1134 1164 1301 1241 immanis

232 1281 429 1355 multitudo
450 1281 598 1380 populi,
622 1280 665 1351 ad
688 1282 952 1380 susceptionem
974 1280 1124 1357 illorum
1145 1308 1302 1385 congre-

233 1412 332 1497 gata,
363 1396 510 1471 laudens
539 1412 575 1472 et
604 1396 819 1471 benedicens
847 1396 964 1471 Deum
994 1424 1103 1498 super
1127 1397 1301 1475 immensa

233 1532 343 1617 utque
367 1513 598 1590 inenarrabili
620 1513 864 1589 misericordia
887 1540 974 1605 sua,
996 1540 1068 1617 qm
1090 1540 1158 1617 per
1180 1531 1302 1593 tantos

232 1648 405 1732 patronos
421 1633 596 1734 populum
611 1634 650 1705 in
665 1658 701 1705 se
714 1630 921 1706 credentem
934 1646 971 1705 et
984 1630 1233 1708 confidentem
1244 1634 1302 1707 vi·

232 1750 339 1823 sitare
362 1748 530 1851 dignatus
558 1765 624 1823 est.
655 1750 819 1850 Cumque
845 1745 902 1823 liis
924 1746 1088 1822 laudibus
1117 1762 1154 1825 et
1175 1748 1301 1823 letina

232 1869 408 1966 spirituali
428 1894 542 1970 usqne
568 1869 611 1941 ad
632 1866 814 1941 basilicum
839 1867 881 1940 B.
910 1867 1061 1941 servatii
1084 1884 1302 1969 peruentum

234 2000 345 2073 esset,
361 1984 621 2086 celebratisque
634 2010 717 2057 cum
734 2010 861 2086 magna
877 1984 1044 2058 omnium
1059 1986 1303 2087 gratulatione

236 2103 425 2177 missarum
435 2102 639 2189 solemniis,
657 2117 694 2175 et
707 2102 882 2175 universis
894 2101 939 2175 ad
950 2128 1012 2176 suu
1024 2104 1195 2195 mersio,
1209 2104 1303 2183 fem·

238 2236 355 2309 trum,
374 2247 449 2322 quo
465 2221 555 2294 sacri
573 2221 709 2293 cineres
724 2220 861 2294 advecti
878 2237 984 2311 sunt,
1000 2222 1170 2299 adextris
1181 2222 1303 2299 ulteris

232 2340 335 2435 juxta
347 2335 524 2411 cancellos
537 2335 754 2410 collocatum
766 2353 837 2425 αις
857 2352 1028 2440 totusque
1040 2338 1102 2413 ille
1113 2338 1205 2431 dics,
1219 2364 1303 2415 cum

239 2452 376 2553 ingenti
393 2451 519 2527 eodem
536 2452 574 2526 in
593 2451 674 2525 vico
691 2452 920 2527 consistentis
938 2453 1064 2555 populi
1080 2454 1305 2533 exultatione

237 2586 346 2672 atque
356 2569 603 2669 jucunditate,
623 2585 892 2645 consummatus
907 2585 973 2647 est.

285 2807 346 2880 82.
373 2804 592 2906 Cumquead
608 2804 854 2905 vespertinum
867 2805 1138 2905 officiumjuxta
1149 2830 1303 2883 consue·

237 2921 401 2997 tudinem
423 2920 701 3011 celebrandum,
725 2921 888 2998 eumdem
910 2922 1093 2997 basilicam
1112 2922 1303 3000 fnissnnm

238 3040 407 3139 ingressi,
432 3041 552 3114 aderat
574 3041 670 3113 inter
687 3055 836 3114 caeteros
855 3067 946 3140 puer
960 3039 1131 3143 quidam,
1151 3043 1303 3119 nomine

236 3156 447 3255 Berngisus,
468 3181 577 3255 quem
598 3156 797 3256 propinqui
821 3156 875 3227 sui
896 3155 940 3230 dc
958 3181 1050 3257 pago
1072 3156 1299 3245 Cnndcnsio,

235 3285 318 3345 ante
335 3295 467 3370 paucos
483 3271 556 3344 dies
577 3270 664 3345 illuc
675 3273 878 3361 venientes,
893 3270 1121 3346 adduxerunt
1132 3298 1301 3347 cauma

236 3386 436 3459 nativitate.
452 3385 523 3480 Qui
537 3384 659 3462 subito
676 3413 799 3462 corum
811 3386 982 3462 omnihus
1002 3388 1039 3461 in
1054 3389 1302 3487 pavimentum

235 3503 384 3592 cecidit,
407 3501 530 3604 ibique
548 3502 758 3603 aliquandiu
782 3504 881 3579 velut
903 3528 1034 3604 sopore
1049 3502 1303 3605 depressusje-

235 3621 330 3707 cuit;
355 3647 513 3721 moxque
536 3623 669 3722 apertis
691 3622 809 3697 oculis
827 3623 967 3713 lucem,
987 3648 1095 3725 quam
1113 3648 1301 3727 nunquam

235 3737 434 3826 antevidit,
447 3736 593 3809 Christo
604 3739 764 3814 Domino
775 3764 841 3839 per
852 3739 982 3813 merita
993 3738 1210 3813 Sanctorum
1222 3764 1303 3813 sno-

233 3879 315 3926 rum
330 3855 501 3943 donante,
515 3857 715 3956 conspexit.
730 3857 824 3930 Exin
836 3856 963 3959 quinta
976 3855 1047 3947 die,
1063 3854 1185 3946 idest,
1199 3872 1302 3933 sexto

235 3970 312 4044 idus
328 3973 444 4071 junii,
473 3972 770 4074 homoquidam,
794 3986 1038 4075 cognomento
1059 3972 1298 4063 llildimarus,

232 4090 294 4186 qni
308 4089 435 4162 surdus
448 4106 523 4165 erat
536 4106 573 4163 et
586 4107 728 4180 mutus,
746 4090 1012 4165 commendem
1030 4090 1138 4166 sacris
1153 4090 1300 4166 Sancto·
