3090 5302
534 421 774 484 mancatum
795 421 844 482 ET
866 420 992 481 PETRI.
1235 423 1295 485 403

239 557 361 645 Siquis
378 577 453 620 vero
472 554 618 621 nondum
634 557 732 621 vitam
751 550 948 619 mundialem
966 573 1114 642 spernere

239 672 347 752 Valet,
365 686 460 761 atque
476 685 710 737 tormentorum
726 684 772 736 est
788 690 905 758 pavore
923 668 1067 748 territus,

239 789 299 854 Eat
316 787 409 868 liber,
427 810 492 877 quo
509 785 656 852 voluntas
671 784 761 852 illum
779 809 836 850 sna
853 782 1004 850 tulerit.»

240 906 322 970 Ecce
338 919 444 971 autem
460 902 578 992 judex,
597 902 701 991 primo
718 901 820 966 noctis
836 898 1020 988 gallicinio,

240 1020 352 1109 Surgit
367 1019 462 1109 vigil,
481 1041 517 1084 ac
534 1016 655 1083 furenti
670 1041 749 1083 voce
759 1014 856 1104 ¹jubet
871 1017 983 1081 noxios

242 1136 315 1202 Suis
333 1159 445 1202 omnes
461 1132 607 1224 alligatos
622 1130 768 1199 exhiberi
782 1129 914 1197 visibus.
1097 1214 1098 1219 ἵ

241 1252 378 1317 -Huic
395 1264 507 1342 praesto
526 1247 687 1315 tenebrosi
703 1262 809 1314 custos
823 1262 927 1312 astaus
943 1249 1097 1313 carceris:

243 1368 405 1447 «Petrus,
422 1367 487 1446 ait,
504 1365 678 1445 exorcista,
695 1386 791 1453 quem
806 1363 916 1454 puniri
931 1362 1089 1450 jusseras,

240 1483 302 1548 Per
317 1484 466 1548 virtutem
480 1481 530 1547 sni
545 1479 667 1546 Christi
683 1493 817 1546 cunctos
836 1478 961 1544 vinctos
977 1477 1133 1562 solverat,

240 1601 280 1666 Et
295 1600 414 1666 catenis
429 1595 609 1678 absolutos,
627 1597 674 1661 ire
687 1595 783 1683 jussit
798 1594 928 1661 liberos.

239 1717 309 1806 lpse
328 1732 451 1796 tamen,
469 1712 699 1779 Marcellinum
714 1710 886 1802 quemdam
906 1735 1016 1778 secum
1035 1714 1192 1794 retinens,

239 1832 275 1896 ln
295 1855 360 1921 qna
375 1827 472 1896 semel
489 1829 603 1894 missus
619 1842 688 1894 erat
704 1842 871 1919 permanet
885 1826 1074 1893 custodia.»

239 1948 315 2013 Haec
331 1944 490 2011 dicentem
506 1941 704 2009 furibundus
721 1944 858 2032 imperat
873 1943 1013 2008 vicarius

238 2061 376 2129 Plumbo
393 2084 526 2141 casum,
545 2073 641 2150 atque
658 2059 821 2139 vinctum,
838 2060 975 2126 carceris
991 2061 1041 2147 (1)
1056 2059 1262 2127 Arthemium

237 2178 275 2243 ln
294 2177 465 2244 obscuram
481 2192 577 2266 atque
594 2188 719 2242 arctam
735 2173 782 2267 (a)
798 2176 899 2267 recipi
916 2174 1107 2243 custodiam.

285 2304 317 2361 8.
342 2295 476 2361 Sanctos
492 2316 568 2359 vero
585 2290 813 2359 Marcellinum
833 2307 928 2382 atque
944 2294 1074 2360 Petrum
1090 2307 1261 2385 martyres,

239 2413 459 2503 Quaestionem
478 2409 649 2477 habiturus
664 2407 703 2474 de
719 2408 850 2475 illorum
865 2410 1007 2491 actibus,

238 2529 304 2594 Suo
316 2529 409 2617 jubet
420 2550 521 2594 saevus
532 2524 633 2615 judex
648 2524 803 2591 tribunali
818 2527 961 2592 assistere
977 2525 1037 2617 (3).

237 2644 333 2735 Quos
351 2660 386 2710 ut
403 2644 502 2709 torris
519 2664 627 2708 coram
645 2655 763 2708 stantes
780 2643 985 2732 conspicatur
1001 2639 1159 2722 vultibus,

238 2759 368 2825 Blandis
386 2759 491 2850 primo
509 2755 752 2848 compellandos
768 2756 942 2823 arbitratus
960 2757 1111 2838 vocibus,

238 2878 282 2942 Ut
300 2899 411 2941 eornm
428 2888 625 2966 permutaret
640 2872 797 2938 mentium
814 2873 1031 2963 propositum:

242 3022 256 3055 a
270 2994 386 3072 Poena,
408 2992 505 3073 dixit,
525 3014 582 3057 vos
600 2989 725 3056 minore
740 2988 835 3080 plecti
852 3013 942 3080 posse
956 2989 1118 3071 dicerem,

236 3108 306 3172 Nisi
326 3120 459 3172 cunctos
478 3106 685 3184 criminosos,
704 3105 761 3195 qui
778 3103 943 3172 vobiscum
960 3109 1097 3173 carceris

236 3223 341 3287 Antro
358 3220 457 3285 clausi
475 3220 678 3300 tenebantur,
696 3219 845 3309 effugisse
860 3246 1045 3304 cernerem,

236 3340 275 3403 Et
292 3337 355 3402 hoc
370 3334 492 3402 factum
510 3351 614 3404 vestro
630 3361 755 3404 nossem
770 3337 954 3405 Christiano
967 3339 1137 3430 dogmate,

234 3454 297 3519 Per
312 3452 401 3543 quod
421 3451 503 3518 male
521 3453 711 3521 miscrorum
729 3454 891 3522 mentibus
905 3454 1041 3523 illuditis

234 3570 443 3635 Fascinantes
462 3593 499 3634 ac
514 3567 661 3635 fallentes
679 3571 813 3660 magicis
829 3572 1015 3637 versutiis.»

233 3686 348 3750 —Cui
365 3709 501 3773 magnus
518 3684 639 3751 Christi
654 3699 775 3775 martyr
790 3686 998 3753 Marcellinus
1014 3688 1190 3778 presbyter,

270 3909 309 3977 (ι)
327 3907 371 3961 Sic
384 3907 446 3961 cod.
460 3907 549 3978 prima
562 3924 659 3970 manu;
673 3905 720 3960 sed
732 3906 877 3978 posterior,
898 3905 998 3961 litteris
1009 3927 1024 3961 r
1035 3929 1050 3962 c
1062 3929 1077 3961 r
1089 3910 1247 3981 expunctis,
1267 3923 1294 3967 et

233 4003 335 4056 litteris
348 4013 358 4055 t
371 4024 389 4056 n
402 4003 587 4076 interpositis,
602 4020 694 4056 vocem
707 4007 813 4058 catenis
822 4000 935 4058 effinxit.

269 4100 307 4168 (a)
325 4099 396 4152 Cod.
410 4109 510 4152 artam.

269 4192 309 4262 (ὅ)
329 4194 397 4250 Cod.
413 4195 557 4249 adsistere.
